1706 3037
631 160 784 244 05
830 150 876 239 <
927 151 1027 248 64
1077 158 1123 245 )
1167 155 1315 238 §o

307 262 525 357 capiti
553 262 814 357 pileum
857 315 879 350 ,
937 279 1055 334 aut
1099 265 1288 335 lateri
1331 262 1620 338 affixum

303 357 596 455 pallium
621 357 1005 450 abriperet3
1060 356 1169 428 sed
1193 360 1384 428 irrito
1405 380 1617 429 cona-

298 470 387 524 ·tu
423 478 445 540 3
510 473 676 522 nam
715 449 787 520 ut
816 449 1116 543 primum
1155 454 1383 525 viator
1426 452 1619 524 venti

306 547 524 638 hujus
551 544 946 617 turbulenti
984 542 1180 616 sensit
1221 547 1562 643 impetum
1593 600 1616 633 ‚

306 666 437 739 pro
462 641 724 714 viribus
755 638 887 721 suis
924 639 1307 724 obnititur,
1355 664 1435 711 ac
1456 639 1620 734 pile-

308 759 429 807 um
477 737 689 831 capiti
720 791 741 823 ,
794 733 1082 828 pallium
1114 733 1278 805 vero
1310 735 1619 806 humeris

306 829 558 901 fortius
597 829 889 900 molitur
929 830 1324 922 imprimere
1358 885 1377 913 ,
1445 828 1533 898 ne
1584 828 1624 898 ὲ

306 940 532 998 vento
555 921 780 1017 abripi
823 921 1041 994 valeat
1074 979 1096 1011 ,
1156 941 1372 1017 atque
1399 922 1622 994 itain-
1675 998 1680 1002 ,

310 1016 567 1091 cassum
596 1034 852 1112 agente
869 1024 1064 1088 Borea
1100 1035 1475 1108 utrumque
1502 1015 1626 1085 ser-

308 1129 448 1186 vat.
576 1112 883 1208 Zephyrus
914 1111 1240 1205 oppofito
1272 1110 1627 1191 viffloriam

307 1205 590 1300 legendi
619 1204 1127 1298 stratagemate,
1153 1198 1537 1276 molliflime
1557 1225 1628 1273 a·

306 1300 554 1396 spirare
584 1297 919 1371 viatorem
944 1353 963 1381 ,
1000 1316 1284 1392 tepente
1317 1319 1481 1367 aura
1516 1296 1627 1367 de-

307 1396 623 1466 mulcere
642 1445 666 1478 ,
696 1390 884 1462 dulci
903 1392 1203 1464 blandiri
1226 1391 1424 1462 fibilo
1443 1448 1459 1474 ‚
1485 1391 1627 1485 pla-

306 1485 470 1559 cido
492 1500 706 1580 caput
724 1483 1621 1558 flabelffiorditurdelinire.

305 1583 416 1654 Ex
433 1604 586 1677 quo
614 1578 844 1652 calore
872 1578 1035 1651 solis
1068 1604 1151 1652 ac
1184 1579 1447 1652 itineris
1465 1579 1629 1649 aestu

305 1675 562 1751 viatori
579 1695 762 1745 arere
774 1672 1027 1757 fauceS,
1043 1673 1369 1767 languere
1387 1675 1629 1744 hume-

307 1773 407 1860 ri,
443 1766 655 1840 sudor
676 1788 799 1862 per
820 1783 1005 1838 artus
1038 1766 1334 1839 defluere
1364 1768 1629 1862 occipi-

310 1882 492 1956 unt3
540 1861 920 1936 ventilatur
943 1860 1326 1953 strophiolo
1357 1878 1588 1933 vertex
1610 1912 1631 1944 ,

308 1957 530 2055 pileus
553 1956 956 2049 deponitur,
987 1954 1276 2027 solvitur
1292 1955 1498 2043 finus,
1530 1978 1632 2028 re-

310 2054 550 2148 jicitur
568 2051 854 2146 pallium
881 2106 903 2139 ,
934 2073 1014 2121 ac
1031 2049 1226 2122 fess‘us
1248 2049 1625 2120 stadiodro-

313 2171 470 2219 mus
491 2147 719 2216 subter
741 2168 1033 2240 opacam
1053 2144 1258 2216 sterni
1281 2144 1628 2231 arborem,

313 2265 399 2313 ac
440 2241 755 2335 excipere
783 2240 1040 2328 rejecto
1080 2240 1330 2310 amictu
1377 2237 1629 2309 blandi

311 2335 524 2406 flabra
558 2336 888 2428 Zephyrellc’
927 2333 1382 2427 prosequitur.
1496 2331 1627 2402 At-

312 2453 451 2521 que
475 2429 569 2500 ita
609 2427 795 2500 suavi
826 2425 939 2495 sua
969 2427 1379 2522 aspiratione
1405 2427 1623 2499 victor

315 2527 621 2619 Zephyrus
672 2520 922 2616 sponte
969 2524 1296 2612 rejectum
1338 2518 1625 2593 viatoris

309 2617 568 2714 pileum
589 2617 905 2690 obtinuit
932 2670 952 2704 ,
988 2639 1066 2686 ac
1082 2617 1367 2711 pallium
1398 2638 1420 2701 3
1461 2635 1621 2706 quae

1501 2714 1618 2777 Bo-
