1706 3037
650 228 803 296 m
853 220 884 310 (
936 223 983 285 6
1029 219 1063 303 δ
1113 221 1256 301 §o

276 337 473 407 titus.
582 335 716 411 At,
763 353 902 422 qua
938 330 1210 402 ratione
1251 332 1322 402 id
1349 331 1479 403 tibi
1511 330 1609 403 as-

269 426 721 520 sequendum
763 447 903 495 rear
943 425 970 493 ?
1022 431 1335 518 percipe:

283 527 649 618 Qidquz'd
691 531 819 615 agis
845 575 865 602 ,
907 523 1241 612 prudenter
1272 548 1415 619 agas
1444 577 1466 610 ‚
1523 515 1609 594 ἔθ’·

287 684 289 687 .
644 619 864 710 respice
879 616 1097 704 finem.
1575 658 1588 685 ,›

276 708 471 783 'Finis
503 764 523 796 ,
580 713 699 796 qui
750 709 1008 804 primus
1051 707 1124 778 in
1159 708 1604 795 intentione,

281 805 549 900 primus
595 800 1006 875 intendatur
1053 802 1124 870 in
1163 801 1391 874 Ethici
1438 821 1608 894 ope·

285 897 583 968 ratione.
685 896 942 967 DEUS
995 897 1084 967 est
1128 893 1283 968 finis
1320 895 1433 966 ille
1472 949 1491 978 ,
1563 890 1610 961 fi

286 990 581 1063 DEUM
617 993 841 1084 operis
876 989 1087 1064 finem
1119 1013 1269 1060 non
1303 987 1610 1059 intendi·

290 1085 413 1165 sti,
462 1087 498 1155 ὲ
530 1084 741 1155 DEO
792 1107 944 1157 non
988 1084 1337 1180 incepisti,
1378 1085 1416 1155 ὲ
1462 1105 1610 1175 quo

290 1180 583 1270 incipis,
622 1179 695 1248 in
721 1179 867 1251 hoc
896 1177 1052 1252 finis
1088 1204 1108 1265 3
1158 1203 1281 1250 ceu
1318 1179 1404 1249 ab
1437 1220 1470 1250 α
1501 1188 1612 1245 o'r-

296 1274 531 1344 direris
564 1272 926 1344 Elementa
961 1331 979 1356 ‚
1055 1275 1126 1345 δε
1180 1275 1251 1342 in
1284 1311 1326 1342 ω
1358 1271 1613 1342 define-

296 1389 534 1446 neres,
591 1364 810 1461 dispar
852 1368 1006 1439 haec
1039 1368 1286 1464 paritas
1334 1364 1615 1435 initialis

296 1461 367 1532 ὃ(
402 1459 627 1530 finalis
657 1466 864 1533 literae
893 1485 1075 1533 unus
1110 1461 1231 1534 effe
1261 1459 1466 1532 debet
1501 1482 1614 1532 ve·

295 1577 377 1624 ro
413 1553 674 1625 Ethico
707 1559 1048 1628 terminus
1092 1555 1131 1626 ὲ
1162 1576 1354 1649 qun,
1405 1554 1477 1627 &
1523 1549 1616 1626 ad

297 1672 539 1741 quem,
559 1672 784 1717 unum
815 1651 1095 1728 initium
1116 1650 1185 1719 δε
1207 1649 1619 1738 finis,quan-

302 1741 692 1834 doquidem
727 1742 980 1814 DEUS
1009 1743 1100 1812 est
1138 1741 1381 1837 Alpha
1414 1742 1484 1810 ἃ
1515 1739 1614 1815 O-

299 1859 527 1928 mega.
627 1837 899 1908 Frustrit
921 1837 1090 1930 aiios
1115 1836 1420 1907 intendis
1444 1833 1616 1907 fines

301 1931 394 2002 mi
419 1927 750 2000 Politice!
805 1936 877 2001 in
901 1931 1159 2025 quibus
1185 1931 1428 2025 nequis
1453 1929 1614 1998 sub-

302 2025 556 2112 fistere,
613 2024 657 2094 fi
702 2026 739 2095 xa
778 2044 847 2098 te
889 2027 1180 2119 incipis,
1228 2026 1300 2094 in
1329 2044 1400 2096 te
1442 2023 1610 2093 defi-

302 2139 426 2191 nes
457 2174 478 2206 ,
557 2115 878 2191 sublimes
926 2120 1087 2192 licet
1130 2131 1345 2191 turres
1379 2120 1614 2189 hono·

300 2237 459 2285 rum
488 2234 566 2281 ac
589 2217 956 2287 cacumina
983 2214 1447 2286 conscendere
1472 2236 1618 2307 per-

304 2325 565 2390 tente5‚
608 2308 694 2378 ad
721 2307 951 2379 lutum
991 2309 1246 2380 recides
1274 2364 1294 2393 ,
1326 2308 1371 2377 si
1402 2326 1470 2377 te
1508 2305 1615 2376 so-

305 2400 452 2471 lum
489 2400 565 2471 fit
595 2399 807 2473 finem
838 2404 1186 2495 quaefiisti,
1211 2405 1283 2471 in
1313 2422 1492 2472 terra
1521 2399 1615 2467 se-

96 2487 100 2492 ’
212 2529 217 2535 ·
305 2493 500 2564 debis
530 2551 547 2576 ‚
604 2509 758 2601 quia
809 2517 974 2565 terra
1015 2528 1072 2567 es
1107 2554 1128 2585 ,
1187 2519 1400 2591 quam
1449 2494 1613 2586 quia

301 2610 613 2682 quaerere
644 2590 1045 2660 inordinate
1075 2591 1430 2684 occepisti,
1462 2604 1611 2657 tan.

303 2703 519 2775 quam
558 2681 770 2755 finem
807 2693 1009 2756 tuum
1040 2686 1195 2781 post
1228 2702 1422 2845 tant?
1456 2694 1610 2784 mo..

487 2816 489 2819 ·
1396 2795 1611 2848 imina
