1706 3037
589 166 742 246 ὡς
789 157 976 247 (38
1026 161 1073 246 >
1116 159 1268 241 §c-

249 270 417 344 lude
450 263 665 352 dolo,
710 265 852 336 vim
880 269 951 337 vi
979 271 1227 363 repelle
1251 326 1274 359 ‚
1368 264 1582 338 fidem

252 386 414 439 non
441 359 579 431 nisi
601 358 743 431 visu
766 359 1073 454 explora.
1571 378 1576 383 ’

353 456 718 528 Salutabat
757 454 1123 548 quondam
1158 458 1401 552 vulpes
1441 453 1586 550 gal·

264 552 418 625 lum
445 550 679 621 arbori
704 549 1115 621 insidentem
1137 604 1160 640 ,
1191 574 1362 622 num
1401 549 1587 644 pacis

266 650 635 718 decretum
660 641 1033 715 ferasinter
1053 645 1461 717 conclusum
1486 645 1590 713 in-

266 739 667 828 tellexiffet,
701 738 1132 818 sciscitatur?
1184 757 1486 835 negante
1516 736 1588 807 id

269 835 460 930 gallo
478 836 574 906 ait
600 833 872 927 vulpeS,
894 835 988 904 ita
1011 833 1267 927 equide‘
1284 835 1398 921 est,
1419 833 1591 928 pace⁴

270 953 409 1001 nos,
433 930 617 998 inter
640 927 975 997 sancitam
995 928 1259 1000 credito
1281 985 1301 1018 ,
1322 945 1591 998 metum

273 1026 555 1117 depone
589 1079 610 1110 ,
661 1023 734 1094 δε
773 1047 882 1092 me
909 1024 1179 1094 accede.
1283 1027 1374 1095 At
1402 1020 1593 1091 enim

274 1118 446 1193 vero
486 1119 698 1210 vulpe
786 1118 976 1188 uavis
1002 1116 1306 1188 dolosior
1346 1114 1592 1213 galluS,

275 1211 688 1307 responsum
754 1212 909 1282 orte
933 1210 1219 1304 sequens
1250 1235 1332 1282 ex
1351 1229 1602 1283 occur-

276 1306 460 1381 renti
501 1304 1002 1399 depromptum
1048 1306 1400 1377 redhibet:
1471 1302 1600 1372 Ec-

279 1427 357 1474 ce
383 1399 515 1471 tibi
552 1400 911 1494 inquiens:
948 1401 1264 1470 Domina
1299 1399 1545 1492 vulpes
1576 1395 1596 1475 ξ

280 1510 640 1590 quantum
697 1496 969 1564 veritati
1007 1511 1146 1564 tuae
1203 1494 1526 1565 accedam
1574 1514 1599 1577 ς

277 1604 521 1687 pateat
552 1612 568 1657 ε
619 1608 928 1683 auguror
960 1590 1219 1658 etenim
1252 1589 1433 1660 duos
1467 1584 1603 1655 hos
1635 1624 1663 1653 .

279 1683 540 1776 raptim
560 1682 704 1753 huc
725 1681 1240 1753 contendentes
1261 1704 1461 1752 canes
1483 1677 1605 1756 de-

278 1776 449 1848 creti
479 1774 665 1867 pacis
696 1775 982 1863 Bajulos
1027 1775 1115 1846 ad
1146 1797 1276 1847 nos
1307 1795 1606 1869 quoque

279 1872 685 1957 accelerare3
729 1869 880 1963 quo
902 1868 1114 1959 dicto,
1133 1870 1319 1964 gallo
1339 1867 1608 1939 infidia·

280 1964 424 2036 trix
462 1962 826 2056 vulpecula
856 1966 1244 2036 conterrita
1295 1964 1332 2036 ὲ
1362 1961 1604 2033 medio

283 2058 350 2130 se
380 2055 671 2138 sustulit,
714 2057 871 2131 suos
903 2076 985 2130 ut
1015 2058 1242 2131 hostes
1270 2055 1610 2152 effugeret

286 2150 753 2240 insidiatores3
786 2154 1084 2249 fugienti
1115 2154 1443 2228 acclamat
1475 2149 1611 2246 gal·

288 2247 395 2318 lus
414 2300 437 2335 ,
468 2245 617 2339 quo
644 2266 713 2318 te
731 2249 935 2345 pedes
970 2247 1168 2320 chara
1186 2245 1617 2343 vulpecula?

292 2363 415 2412 cur
455 2339 694 2435 fugis?
764 2344 1098 2434 nunquid
1148 2344 1335 2414 enim
1373 2339 1610 2413 foedus

295 2436 676 2540 pacisinter
695 2437 1016 2508 animalia
1044 2439 1318 2529 pactum
1339 2434 1482 2516 est?
1530 2451 1608 2507 at

290 2529 438 2616 illa,
472 2530 726 2601 dubito
754 2532 884 2621 ait,
907 2532 1141 2603 utrum
1184 2533 1270 2604 de
1291 2554 1376 2607 eo
1397 2551 1606 2601 canes

288 2622 784 2700 intellexerint.
971 2627 1085 2699 En
1137 2628 1451 2789 moduni
1505 2623 1606 2693 mi

1457 2716 1596 2791 thi-
