1670 3001
578 142 1101 236 OSC114)
1151 146 1296 230 §0

258 258 441 354 pene
470 272 661 331 certo
687 257 1132 353 praecognito
1154 316 1176 350 ‚
1210 257 1576 341 confestim

261 352 353 423 ne
369 353 600 447 palam
627 376 772 427 rem
800 353 1056 423 aetitet,
1103 356 1282 427 Alias
1312 353 1388 427 ut
1407 357 1581 428 Cur-

259 448 398 519 tius
425 447 544 520 lib.
567 471 631 538 4.
653 445 905 518 habet:
946 457 1085 519 Nec
1115 479 1205 521 res
1226 455 1576 545 magnaefh-

237 546 466 636 stineri
481 543 722 644 pffmt
766 543 846 617 ab
875 571 940 613 eo
957 597 981 627 ‚
1036 554 1138 613 cui
1154 572 1350 645 grave
1379 565 1580 615 tacere

263 640 362 730 cst.

344 827 432 897 11.
466 825 924 923 Neevestigia
944 822 1399 898 consiliorum
1419 842 1580 898 tuo·

252 944 435 1006 rum,
481 921 780 993 aliorum
811 922 1094 993 notitiae.
1120 921 1476 1014 relinque,
1503 921 1580 991 &

251 1017 300 1089 fi
332 1015 535 1109 quod
560 1014 914 1086 suboleret
941 1012 1125 1087 forte
1148 1014 1473 1104 subinde,
1504 1013 1580 1084 id

251 1109 363 1195 vel
382 1108 782 1190 excusando
803 1110 1048 1182 obtere
1065 1164 1090 1199 ,
1110 1109 1201 1180 ne
1218 1108 1459 1204 gliscat
1474 1106 1575 1177 su·

252 1204 468 1301 spicio
494 1228 517 1290 3
560 1202 1026 1275 conformiter
1044 1203 1228 1276 leoni
1249 1226 1533 1298 operare
1554 1227 1572 1270 :

252 1298 318 1371 Is
343 1298 433 1367 ne
452 1297 490 1367 a
509 1296 935 1368 venantibus
970 1321 1054 1367 ex
1073 1298 1367 1391 vestigiis
1388 1319 1576 1366 com-

249 1390 722 1488 prehendatur
741 1441 760 1469 ,
779 1388 999 1460 cauda
1019 1390 1282 1461 obterit
1309 1390 1577 1478 omnia,

251 1502 336 1557 ut
384 1483 802 1575 neutiquam
844 1506 880 1552 a
938 1500 1202 1576 pareat,
1268 1483 1411 1575 qua
1448 1483 1576 1566 {leo

252 1578 631 1676 gradiatur.
708 1576 815 1646 Ita
901 1577 1127 1647 thice!
1176 1574 1386 1647 multi
1408 1575 1478 1647 su
1491 1592 1577 1649 nt

252 1672 630 1748 verborum
660 1686 953 1740 tuorum
980 1677 1344 1741 venatores
1374 1725 1393 1752 ,
1446 1668 1572 1763 qui

250 1769 469 1848 viam,
498 1783 640 1855 qua
661 1759 921 1832 secreto
951 1762 1252 1857 graderis
1278 1785 1361 1835 ex
1381 1765 1573 1835 vesti-

252 1861 381 1956 giis
427 1869 457 1941 (
488 1878 648 1949 quae
680 1852 845 1927 sunt
878 1857 1281 1950 colloquia)
1333 1857 1574 1929 nitun-

250 1971 367 2026 tur
385 1946 830 2046 cognoscere,
859 1950 973 2021 fied
991 1951 1118 2022 iter
1139 1968 1345 2021 tuum
1367 1951 1570 2025 obte-
1639 2015 1641 2017 ,

252 2071 348 2131 re,
378 2062 499 2116 aut
515 2042 796 2138 vestigia
841 2041 1245 2130 (sermones
1268 2047 1429 2135 ajo)
1493 2045 1568 2115 fi-

254 2141 477 2213 lentio
501 2135 820 2225 oblitera‚
859 2157 938 2211 ut
956 2140 1195 2211 cautus
1213 2138 1564 2233 gradiaris.

304 2230 764 2305 Gradiebatur
780 2231 878 2302 ita
898 2250 1141 2305 cautus
1169 2234 1242 2302 in
1268 2232 1566 2307 confiliis

255 2327 487 2425 Sydus
499 2328 840 2400 Boemum
863 2379 884 2413 ,
910 2326 1114 2398 Stella
1127 2326 1563 2422 Stetnbergi-

255 2418 736 2511 caJaroslaus,
786 2419 951 2511 qui,
985 2444 1110 2491 ceu
1152 2419 1570 2492 firmamenti

250 2515 590 2588 luminare
608 2510 899 2609 maguti,
919 2535 1073 2584 non
1105 2513 1373 2586 diurnae
1396 2513 1562 2605 luci,

247 2607 365 2681 sed
417 2607 722 2682 tenebris
775 2605 963 2679 suam
1009 2608 1291 2682 tantum
1343 2606 1560 2769 crecliit

1430 2726 1467 2774 c
1495 2723 1561 2772 a‹
