1706 3037
641 147 793 230 05
852 144 887 227 (
938 161 1068 234 130
1117 141 1149 230 >
1203 142 1350 224 §ab

338 257 518 327 neris
564 253 804 342 lente3
887 277 1086 324 mora
1129 257 1347 327 nimia
1390 277 1600 330 nocet
1635 284 1658 349 3

334 351 692 423 moderata
729 347 1008 442 prode-st
1046 373 1067 436 ς
1143 350 1320 443 ipsus
1346 351 1663 424 Annibal

331 446 419 516 ad
452 446 735 516 Cannas
787 464 1041 514 canens
1081 443 1393 517 vietorias
1429 501 1449 533 ‚
1514 446 1659 515 Ro-

336 563 525 613 marn
588 581 590 586 ·
662 561 741 608 ro
823 535 1357 632 complemento
1423 540 1660 611 statuit

335 635 604 730 triump
663 637 710 721 i3
734 630 847 705 sed
866 634 1029 728 quia
1046 638 1297 705 corvos
1312 636 1663 727 procrasti-

334 730 606 814 nandO,
625 750 775 799 non
798 730 1062 821 aquilas
1083 728 1538 800 accelerando
1566 728 1658 798 est

333 822 633 912 stcutu8‚
663 823 1079 893 moraillum
1102 823 1335 892 Rom&
1361 823 1658 917 privavit

275 916 280 922 '
337 914 613 1013 penitus
650 919 722 987 ὃς
755 916 1120 1011 triumpho
1162 943 1182 1005 3
1263 917 1334 987 ὅτ.
1367 916 1540 1010 pene
1578 915 1664 985 de

342 1012 647 1084 vistoriae
679 1012 920 1081 cannis
943 1011 1028 1082 ad
1051 1014 1330 1082 Cannas
1351 1010 1661 1082 obtentis

335 1103 637 1176 exeuffit.
738 1106 959 1177 Aliter
986 1105 1184 1201 egiffe
1212 1105 1387 1178 visus
1413 1105 1501 1175 est
1517 1129 1658 1174 ma-

340 1221 521 1295 gnus
557 1199 674 1270 ille
710 1200 1018 1271 Macedo
1049 1227 1063 1269 :
1139 1200 1300 1272 cum
1334 1216 1665 1295 rogatus}

337 1315 480 1387 qua
513 1293 786 1362 ratione
836 1311 979 1363 tam
1015 1296 1304 1364 modico
1337 1311 1661 1387 tempore

342 1385 433 1455 ad
462 1385 712 1454 mundi
739 1387 956 1480 prope
987 1385 1404 1481 pervenisset
1424 1387 1657 1457 termi-

337 1503 497 1563 n05,
519 1498 920 1574 reponeret:
974 1486 1074 1549 nil
1096 1482 1478 1574 differendo?
1528 1479 1657 1550 Ni-

337 1575 479 1645 mia
517 1596 834 1667 namque
868 1573 1111 1644 dilatio
1149 1597 1229 1643 ac
1257 1597 1456 1644 mora
1488 1574 1662 1667 pari·
1703 1599 1706 1600 ⁷

340 1687 446 1741 ter
489 1665 805 1738 felicitati
838 1669 1065 1738 Ethiei
1097 1668 1373 1738 videtur
1400 1665 1660 1756 invisa,

288 1823 290 1825 >
336 1761 667 1854 idemque
697 1777 984 1854 putatur
1015 1760 1169 1831 esse:
1215 1761 1325 1834 vel
1352 1760 1500 1831 sero
1525 1759 1659 1834 vel·

338 1861 519 1944 le,ac
545 1855 733 1925 nolle
757 1855 1058 1950 penum,
1089 1872 1166 1925 ut
1196 1855 1434 1927 divina
1456 1853 1659 1925 testa-

342 1969 456 2021 tur
476 1970 710 2043 penna
743 1975 759 2018 ε
816 1959 881 2019 V
875 1955 1008 2033 ult,
1057 1949 1139 2023 &⁴
1169 1980 1289 2019 non
1308 1957 1451 2019 vult
1460 1961 1655 2046 piger.

338 2042 696 2114 Tollenda
732 2067 895 2139 ergo
943 2067 1142 2115 mora
1175 2044 1265 2114 est
1295 2046 1658 2113 animante

340 2139 671 2209 Lucano:
736 2146 886 2209 Tolle
921 2165 1114 2209 moras
1135 2193 1152 2221 ,
1172 2141 1413 2235 fi’mper
1444 2148 1656 2206 nocuit

338 2233 583 2327 diffbrre
595 2244 862 2330 paratis.
966 2232 1192 2326 Quod
1219 2232 1398 2301 hora
1422 2230 1654 2325 negle-

339 2328 483 2414 xit,
527 2327 958 2420 quandoque
988 2330 1101 2397 vix
1137 2325 1379 2396 saecula
1411 2327 1648 2394 restau-

334 2437 513 2489 rant.
662 2422 827 2492 Haec
850 2444 1014 2516 ergo
1067 2420 1292 2515 probe
1345 2419 1651 2490 animad-

330 2515 661 2588 vertenda
685 2515 871 2603 sunt,
888 2514 1082 2586 tarda
1109 2513 1473 2601 celeritate,
1496 2533 1646 2581 non

332 2608 694 2703 prohiberi
722 2609 1186 2705 diligentiam,
1213 2607 1450 2681 verum
1469 2628 1643 2699 prae-

1531 2722 1646 2770 co-
