1680 3027
97 256 101 261 ,
398 160 550 239 0ss
596 151 643 240 C
692 169 792 243 97
839 156 884 245 >
930 157 1083 234 §a

75 289 323 354 aurum
362 264 749 362 appellabat
784 278 806 355 ς
875 289 1110 361 neque
1149 283 1393 345 tamen

81 365 231 444 auri
264 361 472 449 hujus
511 378 634 431 aut
671 363 939 466 argenti
965 361 1247 439 tantum
1284 366 1396 433 ex-

80 471 418 555 petuntur
487 455 735 534 decora
775 482 799 546 3
923 458 1100 551 quin
1158 455 1401 551 potius

78 549 452 647 plumbum
492 549 664 632 illud
699 551 1006 627 humeris
1034 551 1211 629 dure
1232 574 1403 646 por-

75 643 373 727 tandum
396 645 733 734 injicitur,
749 647 927 723 ¹adeo
948 644 1404 734 insensate‚ut

80 763 218 833 qua
244 751 474 819 mente
503 740 576 822 id
607 741 891 824 actitent
923 765 1079 817 non
1107 740 1403 837 penfim-

76 853 205 925 tes,
232 855 390 914 non
407 834 624 929 longe
651 836 803 929 post
824 836 1221 925 plumbeam
1245 858 1400 907 cru-

74 953 230 1014 cem
274 929 722 1011 domesticam
789 948 993 1012 tanto
1043 930 1165 1001 fibi
1195 928 1400 1000 oneri

72 1020 562 1120 persentiscam
586 1082 607 1114 ‚
632 1049 853 1118 quam
876 1024 1170 1105 crastina
1189 1047 1401 1093 auro·

73 1141 149 1201 ra
171 1116 432 1198 umbris
477 1142 556 1199 ac
577 1120 773 1198 urnis
791 1118 1168 1200 lethalibus
1198 1117 1398 1212 gesti-

72 1229 233 1295 rent
272 1213 703 1306 consepeliri.
856 1215 1096 1293 Docet
1139 1212 1212 1288 id
1245 1212 1400 1281 scri·

75 1306 294 1389 bendi
321 1305 730 1387 dexteritate
751 1307 1067 1385 Eximius
1090 1306 1162 1377 P.
1187 1304 1395 1377 Sten-

73 1401 291 1496 gelius
321 1400 397 1468 in
428 1401 703 1472 mundo
736 1401 1175 1481 TheoritiCO.
1246 1401 1394 1469 Ma-

73 1495 246 1578 ritus
278 1493 567 1588 quidam
597 1549 618 1582 ,
675 1494 837 1564 cum
866 1517 1165 1569 uxorem
1202 1491 1394 1564 suam

74 1612 206 1672 ceu
271 1610 554 1674 crucem
595 1587 940 1684 pessimam
999 1588 1393 1659 exanimem

72 1693 109 1768 s
127 1681 205 1752 sit
227 1682 614 1776 gaudenter
649 1681 943 1775 putabat
965 1689 1010 1774 )
1063 1682 1100 1752 ὲ
1133 1681 1393 1753 domus

69 1776 293 1861 limite
319 1775 567 1856 elatam
587 1773 908 1851 solatiose
923 1776 1396 1870 aspiceret‚ve-

70 1869 226 1953 rum
259 1869 563 1967 impacto
597 1867 784 1940 forte
830 1871 908 1940 in
936 1870 1114 1942 latus
1155 1870 1391 1963 quod-

72 1967 238 2050 dam
263 1963 566 2060 porticfis
587 1962 1043 2061 sarcophago,
1075 1964 1164 2035 ab
1184 1962 1391 2036 extasi

71 2052 918 2153 excitatam,dom1'1mque
934 2059 1220 2130 relatam
1236 2075 1392 2128 tan-

74 2153 154 2235 to
186 2152 531 2247 lugentius
559 2152 1033 2247 ingemisceret
1055 2208 1076 2241 ‚
1117 2151 1291 2222 illud
1318 2176 1390 2222 e-

72 2246 275 2330 venit
298 2267 452 2316 non
468 2244 739 2342 illepide
756 2268 776 2325 z
809 2264 889 2318 ut
900 2248 1110 2319 altera
1126 2245 1391 2317 abhinc

72 2339 527 2411 hebdomade
567 2340 723 2414 vere
766 2343 923 2413 tatis
955 2340 1190 2411 functa
1217 2361 1389 2412 con·

73 2433 257 2506 sorte
287 2433 428 2522 sua,
452 2436 774 2528 protinus
810 2438 884 2519 in
914 2450 1195 2531 penates
1224 2432 1388 2506 suos

72 2544 353 2625 cogeret
382 2529 781 2624 portitores,
800 2529 995 2624 queis
1032 2527 1243 2600 suffiis
1277 2528 1384 2599 ina

71 2623 413 2728 terpofitis
445 2624 764 2720 precibus
811 2645 1132 2721 magnam
1168 2644 1382 2725 pecu-

83 2750 105 2770 ‘⁷
224 2766 239 2769 -·
1237 2735 1374 2792 nlae
