1706 3037
410 120 558 197 *ὃ
606 119 640 203 <
682 137 775 207 71
827 112 862 209 >
906 113 1055 199 §o

76 224 441 326 stilponem
472 228 561 300 de
602 227 767 296 stiva
794 226 1175 298 oriundum
1198 282 1219 315 ,
1248 224 1296 296 fi
1330 226 1384 299 is

7 405 12 411 (
74 324 415 412 majorem
433 318 633 391 suurn
652 319 947 392 secunda
965 319 1252 416 persona
1270 345 1384 414 ap-

76 417 394 512 pellaret,
429 414 624 508 quod
656 432 897 485 tamen
932 417 1101 490 olim
1127 414 1387 486 scimus

77 509 279 582 fuiffe
306 507 857 602 receptiffimum.

167 603 266 674 ΙΙ.
360 601 511 673 Pari
559 604 1155 676 animadversione
1200 622 1379 690 onus

66 698 283 770 habet
309 698 630 769 locorum
663 697 1004 771 diversitas
1028 753 1049 787 ,
1077 696 1260 792 dispa
1274 719 1378 766 ra-

74 791 317 865 tiffima
354 792 544 860 enim
579 813 880 862 externae
911 792 1379 864 conversatio-

71 887 181 956 nis
209 886 302 957 est
339 885 613 955 ufitatio
643 887 827 956 inter
843 887 1089 981 Regna
1115 909 1193 955 ae
1211 886 1383 954 Pro-

67 981 351 1054 vincias.
501 979 674 1050 Inde
717 981 1028 1050 dextram
1074 978 1386 1075 praebere

66 1072 519 1144 honoratiori
535 1073 866 1144 Germani
892 1073 964 1143 su
976 1077 1196 1160 were,
1214 1073 1387 1141 Tur-

74 1190 173 1238 cae
196 1168 232 1237 ὲ
252 1184 499 1238 contra
521 1167 711 1238 haud
730 1186 1067 1238 moratam
1094 1168 1387 1235 damna-

67 1279 320 1332 natent
348 1261 746 1344 ruditatem,
794 1260 838 1328 fi
862 1259 1186 1330 sinistram
1222 1259 1382 1347 tibi,

68 1355 386 1426 dextram
453 1352 716 1427 faveres
771 1353 1096 1448 digniori.
1247 1355 1383 1426 Hic

68 1445 508 1521 dextrorsum
527 1447 710 1518 flexo
740 1450 1034 1542 petrose,
1049 1470 1383 1521 veneran-

70 1542 145 1613 di
172 1541 461 1612 alterum
480 1542 670 1636 viget
687 1541 1065 1613 methodus
1083 1598 1102 1625 ,
1134 1543 1276 1612 illic
1304 1543 1384 1612 in.

66 1637 309 1708 laevam
355 1632 683 1705 submiffo
716 1634 924 1706 latere
962 1653 1085 1705 aut
1114 1636 1382 1709 cervice

71 1731 330 1803 mirum
355 1735 431 1798 in
450 1729 748 1800 modum
775 1727 1247 1816 detorta,hinc
1260 1752 1384 1823 pe-

73 1825 161 1896 de
200 1845 317 1920 per
353 1822 655 1897 humum
688 1823 763 1892 in
797 1822 1383 1919 semi-sphoeram

26 1971 32 1976 .
74 1935 323 2016 gyrato
343 1972 364 2005 ‚
390 1916 581 1986 illinc
605 1937 822 1985 manu
849 1915 926 1982 in
943 1914 1184 1988 lunam
1203 1916 1381 2006 aeta,

75 2037 150 2083 ac
172 2011 372 2082 labiis
392 2009 679 2080 admota
698 2007 880 2078 fiunt
895 2005 1378 2099 &lutatione33

74 2105 267 2178 unde
314 2104 360 2173 fi
391 2103 715 2174 omnium
751 2106 1165 2176 exercitium
1205 2102 1380 2173 affu-

72 2213 298 2272 rneret
317 2197 650 2268 Politicus
671 2253 693 2287 ‚
729 2195 776 2267 ὂ
806 2199 822 2269 !
866 2202 1022 2290 quis
1045 2219 1195 2269 non
1228 2220 1383 2269 ver-

70 2311 367 2366 tumnus
404 2292 795 2364 animatus!
864 2295 1019 2385 quis
1059 2309 1212 2363 non
1250 2290 1379 2361 Pa-

71 2385 347 2459 lumbes
402 2385 479 2455 in
511 2409 718 2481 gyros
754 2388 944 2460 attus
989 2385 1381 2476 videretur,

75 2479 519 2572 nimiumque
589 2480 1054 2552 exfibilaretur
1126 2479 1381 2549 huma-

77 2574 258 2661 nus?
309 2580 518 2668 quare
542 2574 695 2650 haec
717 2578 902 2742 “flvmi
919 2595 1075 2653 non
1091 2572 1255 2676 sunt
1277 2569 1380 2642 fa-

1198 2686 1383 2744 cleas
