1706 3037
330 181 1034 276 «mmmm.

168 572 375 727 ST
383 568 820 695 ATIO
939 567 1087 701 X
1092 570 1174 691 I.

20 741 532 881 Facunda
571 739 1322 878 Taciturnitas.

364 990 977 1100 DeclaratiO.

21 1149 305 1328 NOn
350 1148 615 1250 semper
671 1152 912 1226 diserta
945 1154 1340 1225 Oratorum

226 1245 477 1336 Suada,
513 1245 632 1320 sed
667 1249 739 1319 δε
762 1249 1063 1343 elinguia
1082 1250 1337 1319 tacito-

22 1363 178 1412 rum
215 1339 481 1411 filentia
513 1338 633 1411 sua
667 1340 941 1437 pollent
975 1340 1338 1412 facundia.

22 1434 78 1507 F
81 1431 571 1526 oecundbsque
594 1436 1008 1527 plerumque
1025 1438 1095 1503 in
1104 1435 1350 1526 genifi,

24 1551 205 1622 quos
236 1549 387 1602 non
411 1530 709 1602 nimium
742 1526 1088 1599 facundos
1127 1528 1345 1599 edidit

22 1640 290 1693 natura.
405 1619 853 1692 Profundum
896 1621 1342 1716 portendunt

21 1738 370 1809 aquarum
394 1714 659 1786 filentia
682 1769 705 1803 ,
738 1714 901 1786 cum
926 1717 1205 1787 interim
1236 1717 1344 1788 su-

27 1810 370 1880 surrantes
408 1810 612 1881 rivuli
642 1810 892 1893 finum,
932 1832 1012 1880 ae
1034 1808 1343 1883 fundum

0 1903 224 1975 *suum
242 1903 568 1999 pandunt
587 1903 920 1974 omnibus
942 1929 963 1993 3
986 1905 1088 1976 ita
1105 1906 1346 1978 inanes

20 2001 238 2069 animi
266 2021 348 2067 ac
364 1997 564 2070 vacui
586 2053 606 2080 ,
641 1998 765 2091 qui
787 1996 1083 2069 nimium
1101 1997 1347 2070 facun-

27 2094 99 2163 di
125 2119 145 2181 3
201 2089 362 2164 cum
381 2093 664 2163 interim
686 2089 1042 2185 profunda
1059 2094 1348 2188 ingenia

23 2184 333 2259 altiffima
364 2184 698 2255 adamant
716 2185 1000 2274 filentia,
1041 2187 1087 2256 fi
1105 2210 1257 2258 non
1281 2211 1348 2258 a-

23 2281 129 2352 liis
152 2334 175 2368 ,
211 2279 332 2349 fibi
365 2295 604 2349 tamen
636 2274 1135 2352 facundiffima.
1245 2281 1350 2351 O-

25 2398 197 2447 vum
212 2373 474 2443 amittit
491 2372 755 2467 garrula
777 2374 1047 2470 gallinae
1068 2375 1352 2447 clocita-

27 2470 153 2551 ti0‚
173 2465 331 2538 cum
350 2467 657 2555 interim,
675 2467 902 2539 Plinio
925 2469 1116 2558 teste,
1134 2468 1352 2566 sylve-

87 2564 268 2632 rium
289 2559 605 2631 anserum
629 2564 912 2655 agmina
939 2585 1049 2632 eas
1073 2581 1350 2658 praeter-

30 2656 349 2729 volantia
367 2654 731 2820 regione&
758 2655 836 2726 in
862 2656 1119 2751 quibus
1144 2680 1347 2754 grues

770 2773 805 2841 3
1233 2773 1341 2821 im
