1706 3037
412 107 569 190 ‘s
619 106 652 190 <
708 116 794 191 17
841 100 875 193 )
923 101 1072 185 §a-

82 213 256 285 dum
286 211 614 306 jugulum
680 209 1113 284 arebellibus
1159 218 1399 286 c'orru-
1452 256 1465 260 --

82 328 245 405 ptus
300 307 374 377 δῖ.
423 303 771 401 persuasus
803 361 826 394 ,
902 308 1071 378 dum
1124 307 1398 380 facinus

77 407 219 498 jam
249 403 393 493 jam
430 401 831 484 moliretur,
904 401 1093 492 pelvi
1135 402 1395 474 inscul-

76 515 271 593 ptam
306 501 531 566 cernit
567 496 1189 568 comminatoriam
1219 520 1397 593 gno-

77 612 243 663 men
267 643 287 671 ,
327 593 432 660 nil
461 595 684 666 temeri·
706 612 888 686 agat,
932 597 1149 664 temer&
1174 599 1277 662 nil
1293 613 1394 661 at-

71 706 301 770 tentet,
323 684 468 779 qua
496 683 694 756 suum
718 684 1010 758 fortasse
1033 683 1224 757 nefas
1247 687 1396 776 jam

69 798 316 876 patens
344 778 702 874 perstringi
740 797 926 853 ratus
963 778 1341 853 cohorruit
1369 834 1394 869 ,

67 896 202 944 nec
227 875 360 964 jam
381 874 705 987 jugulum
732 898 1251 970 compungere,
1281 898 1396 946 ve·-

0 969 1 972 ’
68 966 225 1039 rum
262 969 506 1039 animo
549 971 986 1065 compungi,
1044 969 1393 1062 quodque

65 1062 355 1134 occulte
394 1062 916 1136 machinaretur
947 1065 1180 1158 palam
1224 1062 1390 1132 ada-

69 1160 218 1229 &us
253 1156 344 1229 est
373 1156 721 1229 confiteri.
838 1156 1152 1228 Tantum
1191 1179 1389 1225 nem-

64 1274 154 1345 pe
195 1251 402 1324 etiam
449 1254 526 1321 in
558 1271 919 1347 tempore,
957 1274 1030 1323 ac
1064 1252 1101 1322 a
1138 1253 1389 1322 teneris

64 1344 247 1418 valet
294 1345 568 1417 mature
612 1346 1013 1419 Prudentiae
1074 1346 1113 1417 a
1148 1345 1390 1417 senum

64 1441 406 1538 exemplis
488 1463 565 1511 ac
613 1440 1066 1517 documentis
1120 1440 1390 1513 desum-

61 1551 202 1631 ptae
238 1536 528 1607 inhiare.

408 1711 1045 1858 Applicatio.

230 1942 393 2014 uod
422 1960 504 2014 ut
535 1938 802 2014 facilius
835 1941 1173 2040 attingas,
1199 1943 1387 2038 figna

66 1948 226 2135 Q
297 2037 553 2133 inspice
609 2038 682 2107 in
731 2038 870 2108 aliis
923 2039 1388 2110 adultioribus

63 2130 467 2204 Prudentiae
501 2189 522 2223 ,
587 2157 665 2204 ac
716 2133 1216 2228 Imprudentiae
1246 2159 1301 2220 3⁴
1342 2133 1387 2202 si

61 2226 481 2322 prudentem
525 2227 614 2299 ab
650 2229 1095 2324 imprudente
1139 2227 1384 2297 discre-

64 2318 270 2411 visti,
322 2322 626 2417 prudens
662 2325 800 2415 jam
843 2321 1065 2415 fuisti,
1118 2322 1164 2392 fi
1196 2322 1383 2392 dete-

67 2412 254 2487 steris
282 2415 521 2508 hunc,
563 2417 760 2489 illum
786 2420 1077 2492 imitere.
1214 2418 1385 2487 Haec

68 2511 295 2605 prima
325 2534 563 2590 autem
592 2514 719 2587 tibi
754 2514 965 2589 sunto
1001 2511 1284 2587 indicia.

721 2682 775 2756 B
1108 2661 1179 2750 Ἰ.
1236 2685 1387 2775 Qi
