1706 3037
407 149 557 229 «ος
603 147 638 223 <
686 153 763 209 2¹
819 147 850 223 )
892 140 1041 220 §tt

61 288 213 334 rem
243 282 405 355 erga
437 281 683 330 omnes
711 257 1382 354 benignitatemgaut

65 355 303 456 potius
333 353 550 424 animi
589 351 992 425 mollitiem.

252 449 402 536 Vll.
473 447 722 519 Colere
769 449 1151 542 majorem,
1228 475 1382 522 non

62 545 378 641 spernere
419 545 766 616 minorem
805 599 828 628 ,
918 563 1384 620 contemnere

63 662 444 712 neminem.

255 734 442 805 VIII.
507 731 768 803 Rerum
830 735 1174 828 gestarum
1224 731 1381 827 glo-

61 829 237 996 gam
268 827 492 924 magis
523 826 700 916 aliis,
734 829 952 922 quam
991 828 1112 925 fibi
1138 829 1378 904 inscri-

118 948 248 997 ere.

252 1015 380 1090 IX.
435 1015 769 1087 Amicum
806 1015 1258 1104 conservare,
1324 1040 1383 1085 e-.

62 1114 235 1187 tiam
273 1109 489 1183 ardua
532 1133 611 1180 ac
655 1111 919 1204 abjesta
968 1114 1111 1204 ejus
1144 1128 1384 1181 amore

62 1224 304 1306 gratus
353 1205 706 1300 suscipere.

148 1340 152 1343 ·
254 1301 350 1373 X.
404 1299 579 1370 Non
608 1296 840 1372 obesse
871 1301 1040 1391 uni,
1101 1313 1184 1370 ut
1216 1321 1385 1395 pro-5

65 1394 144 1470 fit
184 1396 403 1469 alteri.

249 1490 379 1563 XI.
436 1489 519 1559 In
560 1487 851 1562 adversis
910 1489 1388 1582 aequanimem

65 1607 148 1657 ac
192 1585 489 1656 alacrem
531 1584 655 1655 effe
700 1580 986 1670 animo,
1062 1606 1194 1653 nec
1250 1577 1385 1651 nisi

64 1678 313 1753 divino
355 1679 487 1748 niti
532 1679 610 1747 in
646 1677 754 1746 his
786 1675 1235 1747 fulcimento.

245 1770 407 1842 XII.
479 1770 869 1841 Consilium
913 1767 1175 1865 sapiens
1231 1791 1387 1842 non

68 1865 204 1941 nisi
239 1867 337 1937 ob
373 1890 661 1962 gravem
690 1864 960 1936 causam
994 1869 1384 1936 immutare.

265 1962 459 2032 XIII.
536 1961 712 2029 Rem
752 1961 1100 2056 agendam
1147 1959 1390 2032 animo

66 2054 257 2152 prius
290 2056 646 2129 revolvere
663 2052 944 2126 solerter
980 2057 1153 2150 quid
1183 2079 1392 2151 expe-

72 2150 280 2222 diat?
351 2150 527 2244 quid
565 2172 757 2240 non,
814 2149 1272 2245 quantumvis
1327 2172 1394 2219 e-'

74 2246 245 2316 tiam
277 2244 504 2316 liceat.

255 2337 451 2409 XIV.
506 2338 679 2439 Qo
708 2338 856 2434 plus
882 2337 1203 2410 laudibus
1233 2338 1392 2431 quis

77 2433 470 2517 extollitur,
499 2434 729 2507 minus
756 2433 879 2504 fibi
913 2435 1209 2520 credere,
1236 2454 1391 2503 non

81 2529 270 2599 enim
325 2531 687 2623 praeconiis
741 2531 1102 2601 meliorem
1145 2527 1210 2598 se
1252 2525 1394 2596 fieri

82 2639 394 2720 reputet,
442 2622 683 2699 verum
714 2624 1060 2696 blandiori
1097 2621 1393 2784 penicill-

711 2720 770 2789 B
818 2743 853 2812 3
1352 2715 1397 2783 ὃ
