1706 3037
359 125 505 211 ος
554 119 591 213 (
651 139 779 210 125
835 119 869 213 >
915 120 1065 201 ἑο·

152 233 309 307 VII.
364 233 513 322 Qui
532 232 699 306 vero
735 249 896 305 atrae
913 232 1072 304 bilis
1102 231 1226 304 effe
1245 253 1373 303 no-

62 347 305 402 tantur
332 385 356 420 ,
410 336 533 399 'eos
574 326 611 400 ὲ
637 345 885 401 contra
931 327 1151 422 magis
1180 329 1378 399 decet

62 425 446 496 hominum
475 421 785 494 societati
807 424 1102 493 couniri.
1249 422 1375 492 Ta·
1421 427 1429 431 ”

64 520 145 589 lis
163 517 386 607 enim,
409 514 576 589 cum
601 540 720 611 per
733 535 998 589 naturae
1015 518 1262 590 vitium
1285 516 1377 588 ad

62 611 515 684 solitudinem
536 611 831 683 inclinet
847 611 1245 707 plurimum,
1263 610 1379 684 etsi

66 706 240 778 alios
272 708 454 778 inter
489 705 788 778 versatus
811 705 1056 794 fuerit,
1090 708 1163 778 &
1196 708 1376 777 inter

59 800 230 871 alios
274 799 434 872 suus
474 798 670 871 facile
709 802 1163 896 permanebit.
1264 801 1381 868 Vi-

61 897 244 967 tium
261 896 448 967 enim
467 895 538 966 id
560 894 714 966 ess‘et
726 897 1144 983 maximum,
1166 893 1377 968 verba

61 990 154 1060 ne
177 989 399 1060 aureis
429 987 713 1083 quidem
744 988 923 1062 velle
961 989 1376 1075 divendere,

59 1099 183 1153 aut
209 1107 332 1155 ceu
348 1081 565 1154 feram
584 1083 858 1180 angulis
876 1084 1208 1155 inhaerere
1224 1138 1245 1172 ‚
1267 1084 1375 1152 in-

64 1175 490 1272 utilibusque
530 1174 750 1249 feriari
784 1179 1370 1270 cogitationibus,

63 1270 252 1344 Talis
286 1291 425 1343 erat
453 1271 720 1342 Timon
751 1270 862 1341 ille
891 1270 1325 1344 Athenienfis
1352 1326 1375 1358 ‚
1398 1273 1611 1351 Plutarch

66 1388 278 1460 quem
307 1365 679 1436 hominem
714 1366 832 1438 vix
867 1363 1159 1436 dixerim
1185 1422 1206 1454 ,
1250 1365 1376 1458 qui
1398 1360 1443 1390 ¹¹¹
1474 1347 1578 1397 Μ·

60 1461 141 1530 in
169 1458 308 1555 ipsa
341 1461 485 1532 vita
512 1459 691 1529 adeo
725 1475 1048 1529 mortuus
1070 1458 1392 1529 ambula--

61 1553 213 1638 bat,
235 1570 314 1624 ut
329 1551 465 1646 ipia
480 1552 865 1623 hominum
895 1548 1167 1647 fugeret
1185 1554 1380 1625 vesti-

63 1649 203 1743 gia.
350 1645 577 1717 Semel
610 1645 959 1717 duntaxat
1007 1647 1081 1716 in
1113 1648 1257 1719 vita
1296 1646 1382 1717 ad

63 1741 491 1814 concionem
510 1735 876 1810 ascendisse
906 1734 1120 1809 fertur
1140 1796 1162 1828 ,
1188 1739 1385 1813 cum-

62 1858 208 1932 que
227 1832 485 1906 facium
512 1854 788 1905 novum
812 1832 1225 1905 mirarentur
1251 1835 1384 1905 fin-

66 1927 263 2026 guli,
292 1930 347 2000 is
368 1950 447 1998 ea
469 1925 762 2021 protulit
788 1951 802 1993 :
855 1931 955 2018 Est
979 1929 1133 1997 mihi
1156 1984 1176 2013 ‚
1205 1933 1383 2000 fiviri

65 2025 465 2115 Athenienſss
490 2034 514 2090 .'
546 2023 673 2117 post
688 2023 838 2090 aedes
859 2023 1156 2106 hortulus,
1172 2035 1242 2092 in
1260 2053 1382 2120 quo

42 2122 215 2210 ficus
244 2127 499 2185 exaruit
520 2117 797 2213 quaedam
827 2170 848 2203 ‚
875 2126 944 2185 in
967 2119 1383 2211 hacpermultc‘

66 2212 399 2302 nostrorum
428 2219 667 2278 civium
683 2220 831 2296 jam
859 2212 1018 2303 st’st
1045 2212 1387 2304 sttspende-

71 2324 222 2375 runt
244 2335 274 2384 ,·
357 2331 525 2373 nunc
568 2314 637 2372 in
674 2306 874 2373 eodem
907 2311 1027 2373 loco
1064 2307 1387 2393 aedzficium
1456 2360 1459 2362 Α

70 2401 329 2470 meditor
349 2399 648 2487 exstruere
670 2453 690 2481 ,
732 2424 922 2496 quam
940 2399 1008 2465 ob
1024 2426 1149 2466 rem
1172 2404 1385 2488 visum

72 2494 149 2585 est
170 2493 364 2574 mihi,
387 2549 390 2551 -
416 2518 522 2559 vos
548 2493 784 2576 public&
811 2494 1388 2591 admonere,fiquis
1415 2547 1433 2575 Ι.

45 2589 223 2677 fbrtk
218 2588 310 2678 fit
327 2640 347 2670 ,
372 2595 482 2684 qui
478 2587 595 2677 fici
612 2587 820 2750 adhluc
819 2587 1227 2676 suspendium
1247 2614 1395 2699 exe-

793 2698 843 2769 4
1283 2707 1394 2777 qm

1401 1429 1508 1462 ton.
