1706 3037
615 131 766 198 «ὓς
815 119 851 209 <
895 141 991 210 72
1038 130 1074 200 )
1115 121 1262 205 §a
1611 201 1619 205 χ

284 232 575 319 cienda,
607 231 744 301 nisi
783 231 854 297 in
875 229 1095 300 Patria
1129 228 1464 321 ejusmodi
1488 229 1592 299 su·

285 353 432 402 mas
451 327 873 412 incolatum,
891 322 1349 395 conformiter
1368 324 1590 395 docu-

285 441 531 495 mento
548 422 748 491 huic:

286 521 577 610 Sifueris
593 525 789 585 Romae
818 571 838 602 ,
873 521 1143 583 Romano
1167 523 1374 580 vivito
1397 539 1599 591 more,

386 615 666 701 Sifueris
687 610 863 690 alibi,
889 607 1266 692 vivitostcut
1288 607 1397 674 ibi.

287 704 631 777 Caeternm
668 703 709 772 fi
744 699 1206 794 expeditionis
1224 700 1427 770 causa
1461 714 1598 768 ter-

284 824 387 872 ras
420 800 754 893 percurris
787 799 944 865 alias
977 849 999 884 ‚
1042 816 1306 864 morem
1336 791 1598 864 servare

284 893 381 965 nil
413 909 603 962 vetat
632 891 940 985 patrium
973 945 991 972 ,
1018 886 1151 958 nisi
1183 887 1235 957 is
1275 884 1459 959 forte
1493 889 1598 955 ni·
1700 953 1702 958 .

287 986 503 1148 ῃίίῐηη
537 1003 888 1078 quantum
929 983 1120 1056 terris
1155 979 1312 1053 effet
1340 978 1602 1055 invisus
1701 1029 1703 1034 ι

287 1103 328 1151 a
359 1102 553 1150 ienis.

385 1266 500 1336 ΙΙΙ.
553 1263 735 1335 (Σῐιιτι
770 1264 1309 1335 honoratiorem
1341 1282 1602 1332 conve-

289 1362 440 1434 nire
465 1358 823 1452 obtigerit,
854 1357 1173 1428 salutabis
1197 1380 1356 1426 eum
1378 1355 1604 1426 verbis

286 1453 588 1524 amoenis
613 1506 634 1539 ,
689 1449 1049 1522 Γυεςίηᾶἰε
1074 1505 1096 1537 ‚
1142 1449 1379 1519 fronte
1410 1448 1600 1519 haud
1702 1512 1706 1516 .

286 1565 522 1628 torva,
553 1567 727 1616 voce
749 1543 1065 1632 submiffa
1079 1543 1434 1639 tantisper,
1471 1563 1605 1612 nec

286 1638 702 1734 deproperat,
722 1637 1061 1731 paulisper
1088 1659 1382 1733 corpore
1409 1634 1604 1707 incli·'

285 1751 480 1806 nato.
579 1730 723 1812 Sin,
743 1731 1031 1801 vixdum
1053 1731 1409 1803 conclavis
1442 1729 1603 1800 sub-
1700 1727 1706 1785 j

283 1824 685 1920 ingrediens
717 1822 961 1893 limina
1002 1823 1229 1918 proias
1261 1824 1552 1895 ordiaris
1577 1877 1603 1912 ‚

286 1921 361 1992 &
394 1920 673 1988 intonen
715 1943 737 2005 3
822 1917 1082 2011 pedum
1129 1919 1313 2013 gyris
1360 1916 1601 1988 medi&

290 2011 623 2084 discurras
659 2012 733 2078 in
758 2011 1014 2095 cubili,
1066 2031 1146 2083 ut
1166 2011 1357 2106 pone
1378 2034 1604 2106 angu-

287 2110 467 2180 stur'n
488 2104 619 2175 tibi
640 2104 951 2177 videatur
970 2162 992 2196 ,
1028 2123 1182 2176 tum
1207 2107 1394 2177 enim
1428 2103 1601 2178 verb

289 2199 496 2273 nimis
538 2197 934 2271 humanum
985 2199 1194 2315 digne
1247 2197 1603 2294 praedicari

287 2294 667 2368 Politicum
689 2346 712 2379 ,
753 2315 886 2363 nec
913 2295 1142 2367 minus
1159 2293 1549 2383 jucundum
1569 2345 1598 2381 ,

290 2389 508 2482 quam
544 2384 853 2481 lepidum
899 2389 972 2458 in
1010 2387 1204 2462 sensu
1243 2389 1450 2461 etiam
1479 2386 1597 2456 ad-

289 2482 486 2555 verso
545 2479 757 2551 dicier
800 2483 1163 2576 experiere.
1311 2482 1598 2553 Praeter-

291 2597 504 2672 quam
535 2571 736 2670 quod
761 2571 1132 2672 suspestam
1159 2576 1345 2654 suam
1369 2573 1603 2649 reddit

1429 2688 1608 2753 COR·
