1706 3037
642 129 1362 225 QS(116‘)§Q.

341 249 555 323 lentia
583 248 748 322 oris
795 247 1330 339 exprobraretur
1349 306 1373 340 ‚
1456 275 1660 348 repo-

341 345 480 417 suit
520 371 536 414 :
612 352 781 416 Bene
825 345 901 433 est
936 397 951 422 ,
1002 346 1167 440 qubd
1200 354 1562 444 graveoleat
1602 375 1660 418 os

343 469 542 511 meum
569 470 598 520 ;
668 443 866 507 multa
904 450 1067 505 enim
1099 446 1228 518 jam
1269 453 1337 511 in
1367 442 1476 511 hoc
1505 470 1662 511 com-

323 541 649 632 putruere.
755 537 1003 601 Scilicet
1047 555 1156 601 ea:
1220 562 1353 633 quae
1398 537 1667 607 dicenda

339 659 461 698 non
509 648 708 699 erant.
1607 668 1613 671 ·

433 816 554 884 IV.
608 818 733 885 De-
751 812 1194 907 gravioribus
1226 814 1526 909 negotiis
1549 812 1666 884 de-.

342 910 637 980 liberans
671 906 992 978 seceffum
1027 908 1113 977 ab
1137 907 1513 979 hominum
1548 908 1666 977 ad·

341 1028 505 1075 ama
537 1001 948 1088 consortiis,
989 1003 1155 1093 quia
1193 1002 1391 1073 facile
1420 1003 1663 1077 incau-

341 1099 399 1170 ti
428 1097 700 1180 sumus,
754 1112 835 1166 ut
874 1097 1104 1166 nostra
1155 1099 1464 1192 cogitata
1498 1115 1663 1190 ante

340 1210 622 1281 tempus
656 1190 894 1260 saltem
936 1190 1061 1260 sub
1097 1189 1356 1262 secreto
1397 1190 1468 1260 ἃ
1497 1188 1664 1259 fide-

339 1285 636 1357 lioribus
682 1304 1212 1374 nonnunquam
1261 1285 1663 1379 prodamus.

340 1380 507 1472 Egit
550 1376 622 1445 id
656 1376 954 1448 Carolus
996 1375 1081 1447 V.
1121 1379 1484 1448 neminem
1522 1376 1662 1446 hac

340 1471 485 1566 ipsa
526 1469 611 1540 de
647 1468 852 1540 causa
902 1471 1382 1564 compluribus
1416 1471 1662 1541 diebus

342 1566 434 1637 ad
459 1563 523 1636 se
553 1563 1005 1634 admittendo
1031 1620 1051 1647 ,
1077 1564 1199 1634 ubi
1235 1566 1551 1659 graviora
1569 1563 1667 1634 se-

344 1684 507 1732 cum
552 1656 985 1749 recogitabat
1035 1662 1368 1750 negotia,
1443 1674 1521 1728 ut
1565 1655 1665 1728 ob

351 1748 696 1848 id‚saepius
722 1748 1032 1819 animam
1058 1751 1254 1845 egiss‘e
1274 1769 1659 1845 putaretur.

436 1938 527 2007 V.
582 1938 682 2007 Ut
703 1938 1078 2011 Prudentis
1115 1940 1348 2012 ubivis
1392 1960 1665 2011 nomen

344 2032 641 2107 sortiaris
677 2058 697 2119 3
772 2033 950 2106 inter
985 2034 1431 2127 loquendum
1470 2032 1553 2104 de
1592 2058 1660 2104 e-

343 2125 656 2223 jusmodi
674 2150 859 2221 ,quae
902 2147 1101 2199 tuam.
1128 2130 1414 2224 fugiunt
1442 2127 1659 2198 scien-

344 2224 517 2294 tiam
547 2220 704 2309 ,ne
751 2237 829 2291 tu
865 2222 1239 2295 discursum
1285 2220 1655 2317 proseque-

343 2341 460 2405 re,
507 2314 624 2387 sed
659 2314 918 2386 filendo
974 2342 1183 2413 perge
1232 2317 1481 2390 erudiri
1514 2372 1535 2404 ,
1586 2339 1660 2386 aa·

343 2407 742 2504 liort'imque
786 2410 1034 2483 auditis
1082 2413 1283 2489 sensis
1335 2435 1494 2482 acce
1547 2411 1658 2479 to-

347 2528 490 2599 que
531 2503 777 2599 aliquo
838 2505 925 2576 de
969 2530 1037 2577 re
1074 2508 1342 2578 lumine
1384 2528 1499 2599 per
1551 2527 1656 2574 re-

352 2622 551 2687 vem,
595 2617 839 2696 aptum
892 2617 1135 2678 tamen
1183 2601 1490 2697 insperge
1531 2595 1664 2672 ser-.
1700 2656 1706 2690 2

396 2751 400 2755 .
1500 2715 1653 2763 mo·
1702 2731 1706 2761 ε
