1706 3037
115 429 260 494 Signa

134 497 287 545 homi-

154 571 229 614 nis

118 652 229 699 pru-

124 705 277 755 dentis

638 134 785 218 ⁶5
832 127 868 219 (
918 135 1012 202 20
1059 132 1094 214 >
1143 132 1326 234 §e->
1478 233 1483 236 ,

316 247 539 344 magis
569 249 939 322 contrariae
988 249 1350 345 sequentes
1393 252 1619 324 eluce-

315 343 517 413 scunt
565 341 1107 437 consequentiae.
1615 376 1618 379 ·

509 437 558 508 1.
616 437 982 511 Prudentis
1008 439 1098 510 est
1130 441 1335 514 malle
1362 436 1626 512 auscul-r

317 547 463 602 tare
490 587 511 620 ,
548 556 626 604 ac
656 531 934 620 audire,
980 531 1195 626 quam
1235 536 1476 606 audiri.

330 718 333 721 y
513 628 597 704 ΙΙ.
647 625 798 698 Nec
831 627 1201 712 omnibus,
1260 652 1390 703 nec
1425 625 1626 701 facile

284 721 608 791 ‘credere

337 844 340 848 ·
501 816 620 892 III.
644 815 1040 911 Promptius
1060 814 1174 887 sua
1191 816 1377 902 dare,
1411 815 1628 913 quam

316 922 553 1003 petere
586 910 830 1003 aliena.

346 1089 348 1092 .
509 1003 628 1074 IV.
686 1003 859 1074 Non
894 997 1094 1076 facile
1121 1005 1473 1095 judicare3
1518 1005 1630 1073 ni-

311 1095 369 1166 si
402 1097 654 1170 auditis
685 1098 1078 1170 rationibus
1112 1122 1190 1170 ac
1220 1118 1412 1196 parte
1444 1109 1631 1168 utra-

314 1214 493 1284 que:
554 1201 706 1288 Qi
733 1192 921 1262 enim
928 1196 1166 1285 statuit
1194 1196 1444 1292 aliquid
1446 1212 1634 1290 parte

310 1290 610 1356 inaudita
637 1292 841 1356 altera
869 1341 890 1370 ,
936 1317 1173 1384 aequum
1217 1292 1360 1359 licbt
1383 1290 1632 1380 statue·

314 1392 438 1467 rit,
492 1382 672 1450 haud
716 1407 923 1480 aequus
940 1385 1110 1475 fuit.
1249 1380 1513 1453 Seneca
1554 1380 1633 1453 in

312 1473 563 1545 Medea
601 1475 756 1542 Ast.
798 1499 861 1542 2.

501 1566 586 1635 V.
643 1565 1016 1639 Prudentis
1043 1566 1136 1638 est
1170 1567 1254 1640 de
1275 1569 1420 1638 aliis
1453 1567 1637 1639 bene

312 1661 554 1752 loqui,
616 1682 695 1728 ac
732 1661 1205 1746 laudabiliter,
1249 1684 1481 1754 neque
1512 1661 1637 1731 ab·

311 1751 582 1825 sentum
616 1750 871 1824 famam
911 1755 1302 1827 convellere
1326 1810 1349 1844 ,
1391 1755 1464 1827 &
1494 1757 1631 1826 uti-

310 1868 478 1917 nam
531 1847 648 1919 illa
689 1846 756 1918 S.
796 1848 1173 1944 Augustini
1221 1850 1630 1946 redargutio

311 1943 523 2013 etiam
587 1942 767 2012 inter
802 1943 1135 2017 convivia
1178 1945 1380 2018 suum
1425 1947 1630 2041 vigo-

307 2056 456 2105 rem
491 2036 978 2115 nanciscaturt

309 2137 623 2231 Qtsquis
653 2152 827 2201 amat
866 2136 1052 2205 dietis
1098 2139 1367 2206 alienam
1419 2135 1630 2205 rodere

737 2228 1001 2316 famam
1037 2254 1058 2316 3

399 2325 588 2393 Hznc
615 2327 885 2411 mensam
930 2334 1199 2395 vetitam
1253 2333 1503 2393 noverit
1535 2323 1626 2415 est·

783 2444 813 2483 e
835 2416 981 2502 fibi.

491 2505 610 2578 VI.
692 2419 955 2581 C4vere
1004 2508 1433 2581 assentatoris
1492 2505 1622 2576 du·

306 2598 736 2697 plicitatem,
809 2603 881 2676 &
922 2605 1133 2700 aequb
1187 2603 1615 2679 indiscretio-

1473 2716 1617 2768 rem
