1706 3037
324 132 478 217 εις
521 129 562 215 ·(
622 145 748 218 133
798 126 834 212 )
880 122 1035 238 so

21 242 175 316 lum
203 238 283 310 in
308 253 380 312 te
407 234 722 312 devolvis
741 237 1155 310 maximum.
1243 245 1338 308 A·

20 357 208 412 mant
235 337 668 407 enim-alterna
684 341 995 406 Camoenae.
1078 342 1161 405 Et
1175 333 1347 434 quod

24 451 191 502 caret
216 434 460 501 alterna
488 431 698 528 requie
712 484 734 514 ,
756 429 1046 512 durabile
1075 459 1198 499 non
1215 431 1292 521 est
1312 458 1344 508 ;

25 523 257 596 danda
291 521 484 594 enim
520 522 808 618 corpori
842 523 1035 618 quies
1087 523 1162 596 &
1192 521 1346 593 ani·

21 643 170 691 mo.
272 615 366 688 Et
402 616 563 712 plus
587 615 763 714 saepe
797 640 1079 712 praecox
1111 616 1345 690 celeri-

23 729 128 786 tas
143 710 335 817 obest
360 767 384 800 ,
425 709 554 782 fibi
585 712 659 784 δί
695 709 844 784 aliis
886 710 1345 786 accelerando

24 822 483 904 negotlorum
504 807 915 896 terminum,
944 806 1160 902 quum
1181 827 1348 902 pro-

25 900 107 973 fit
138 926 160 990 3
213 899 384 970 dum
414 895 739 972 affestum
762 899 1169 975 valetudine
1192 922 1350 972 cor·

25 1018 158 1093 pus
191 994 313 1064 fibi
347 992 422 1065 &
443 994 746 1065 aliorum
786 995 1183 1069 commodo
1201 993 1351 1065 red·

26 1091 135 1162 dit
161 1086 446 1172 inutile,
472 1085 637 1159 cum
664 1090 970 1180 interim,
994 1092 1119 1185 qui
1145 1090 1346 1161 lento

27 1183 243 1279 gradu
265 1183 705 1277 procedunt,
732 1182 1165 1279 frequentius
1199 1181 1353 1253 usui

28 1277 154 1350 esse
179 1274 485 1373 poffunt.

123 1465 246 1536 IV.
303 1465 566 1537 Pariter
622 1463 671 1533 fi
717 1462 1013 1541 severior
1064 1469 1357 1563 ingruat

28 1561 162 1643 tibi
190 1557 570 1657 speculatio
591 1612 616 1647 ‚
662 1561 1255 1657 praecipitandum
1281 1562 1361 1632 in

29 1656 180 1728 hoc
208 1655 299 1726 est
314 1653 631 1726 minime.
741 1651 883 1727 Sed
899 1656 1095 1727 tarde
1118 1657 1192 1726 in
1212 1655 1361 1727 hoe

0 1789 3 1824 ς
30 1748 558 1824 accelerandum
577 1745 692 1821 est.
793 1747 1160 1844 Siquidem
1187 1748 1362 1840 ejuss

38 1845 242 1919 modi
273 1843 578 1916 studium
598 1865 940 1940 praecepS,
982 1867 1365 1917 moerorem

0 1938 2 1952 '
41 1954 372 2036 generat,
419 1937 467 2008 fi
500 1936 581 2007 fit
614 1940 1043 2010 continuum
1089 1938 1366 2034 stringit

0 2069 2 2115 ἱ
38 2036 298 2129 pedm,
333 2054 456 2104 cor
484 2029 876 2130 infrigidat,
908 2033 1150 2111 vitales
1174 2033 1366 2129 spiri-

0 2146 4 2230 ῥ
38 2145 153 2202 tus
188 2129 522 2224 captivat.

141 2315 229 2388 V.
281 2316 383 2388 Ut
399 2318 618 2390 noxia
658 2320 734 2391 in
746 2318 1027 2418 agendo
1055 2330 1178 2387 aut
1197 2336 1368 2385 con-

49 2409 346 2484 sulendo
367 2412 632 2486 vitetur
644 2416 977 2503 celerita8‚
993 2434 1189 2486 mens
1203 2428 1372 2481 ante

57 2531 274 2581 omne
302 2531 484 2606 opus
531 2507 622 2580 ad
649 2510 978 2583 nativum
1020 2506 1372 2600 redigatur

55 2622 714 2706 temperamentum,
730 2604 856 2680 illo
882 2603 1115 2704 primo
1135 2596 1370 2678 Ethici

1265 2715 1367 2770 te-
