1706 3037
371 112 1073 215 ‘Huws'o‘

63 258 192 312 tuo
226 261 381 310 non
410 239 725 311 absimilis
754 240 847 311 est
873 237 1168 312 nimium
1202 236 1377 314 effu·

63 335 171 408 sus
194 335 491 409 animus,
587 335 981 429 Nunquam
1020 335 1207 408 enim
1245 335 1376 407 do·

66 433 216 513 mi,
261 427 385 521 qui
435 427 700 524 semper
738 428 955 516 foris;
1006 450 1381 522 nunquam

62 523 217 594 suus
242 578 262 605 ,
329 525 453 613 qui
491 523 745 617 semper
782 524 1065 595 alienus.
1174 523 1377 595 Nihil

70 616 382 712 profefito
414 618 489 686 in
524 616 587 688 se
620 617 1018 690 absolutum
1041 635 1319 712 reputet
1350 673 1374 706 ,

65 712 189 804 qui
236 710 495 807 semper
545 711 670 783 effe
708 729 1032 808 peroptat
1068 710 1377 808 respeffl-

62 829 209 878 vus.

106 907 379 969 Alterius
418 929 536 968 non
552 903 640 988 stt
662 957 679 984 ,
707 906 976 995 quisicus
1004 902 1323 996 effipotest.

61 994 347 1083 Majoris
362 996 574 1062 animi
611 996 954 1066 indicium
982 997 1073 1065 est
1097 1012 1287 1064 extra
1308 990 1378 1064 se

61 1110 214 1156 non
248 1111 554 1179 quaerere
580 1087 858 1177 solatia,
894 1088 1050 1159 cum
1081 1088 1170 1157 ab
1196 1086 1379 1158 intr&

59 1179 565 1276 fibisuppetant
587 1183 803 1273 quiim
823 1183 1136 1276 plurima.
1223 1182 1378 1249 Ma·
1430 1236 1442 1239 ⁴

51 1299 360 1370 gnorum
392 1278 844 1368 negotiorum
882 1274 1120 1344 schola
1157 1273 1247 1343 est
1268 1273 1378 1345 so-

52 1370 310 1441 litudo,
362 1368 611 1460 Neque
634 1370 816 1438 ullus
841 1370 1148 1462 Magnus
1180 1391 1379 1437 corn-

55 1464 290 1556 paruit
313 1464 390 1532 in
409 1462 701 1556 publico
726 1516 749 1549 ,
788 1465 909 1554 qui
933 1485 1085 1530 non
1102 1463 1258 1529 talis
1274 1459 1376 1529 fa-

54 1559 198 1627 &us
221 1555 297 1624 fit
334 1557 410 1623 in
437 1562 731 1647 privato.
834 1554 1009 1626 Non
1042 1555 1116 1622 in
1135 1556 1374 1645 aprico

55 1648 369 1721 crescunt
394 1652 774 1741 margaritae
803 1674 823 1735 3
892 1647 1028 1717 suis
1063 1648 1378 1718 solitariae

55 1745 177 1816 diu
196 1744 466 1813 hoerent
490 1745 566 1810 in
593 1742 1012 1836 conchyliis,
1042 1762 1121 1810 ut
1144 1742 1375 1835 publi-

53 1863 217 1910 cum
262 1837 565 1931 pretium
609 1854 1024 1907 mereantur.
1151 1834 1373 1929 Qod

52 1936 128 2004 in
150 1931 366 2002 triviis
385 1929 661 2023 perviis,
699 1953 778 2000 ac
804 1929 1096 2024 publicis
1116 1929 1378 2022 prostat

55 2023 412 2100 continuo
439 2079 461 2111 ,
502 2047 577 2093 ea
621 2025 917 2118 dignum
952 2023 1044 2094 est
1089 2024 1376 2092 aestima-

56 2122 257 2192 tione
281 2175 305 2209 ,
359 2135 438 2188 ut
470 2116 760 2212 pedibus
797 2117 1020 2189 obviis
1070 2135 1377 2210 protera-

53 2234 187 2286 tur.
340 2213 531 2282 Inter
553 2213 787 2304 quieta
805 2210 1198 2283 solitudinis
1226 2210 1374 2279 otia

53 2309 468 2403 Regnorum
505 2305 954 2400 perficiuntur
990 2328 1071 2375 ac
1093 2303 1373 2397 Imperi,-

62 2425 265 2472 orum
286 2404 591 2494 negotia.
687 2402 788 2472 Ut
807 2401 1000 2497 plura
1021 2395 1324 2494 perficias
1346 2420 1370 2482 3

61 2496 513 2590 paucioribus
533 2494 967 2567 immiscearis
988 2548 1009 2582 ,
1038 2492 1128 2563 est
1143 2489 1371 2562 neces-

59 2589 147 2663 se.
332 2587 410 2661 Si
465 2591 654 2666 enim
711 2600 991 2756 immina
1036 2589 1372 2747 sc'ribenfis

1304 2700 1372 2749 e-
