1706 3037
317 114 472 212 «ῦς
517 110 554 196 (
612 122 745 200 149
798 108 854 192 (2
874 105 1027 194 §e-

12 241 143 297 aut
166 218 573 302 l-imitanei5‚
622 216 835 292 nimis
865 217 1149 313 angusta
1178 214 1335 287 haec

17 319 221 402 sunt„
249 313 638 411 angustiora
658 312 888 407 spirat,
912 311 984 387 &
1011 309 1337 408 sperat,fi-

16 415 98 486 ni
119 408 332 499 nulli,
347 406 567 503 quam
585 407 750 479 huic
770 409 1040 480 intenta
1055 461 1073 488 ‚
1090 409 1167 479 in
1186 427 1339 500 quo

20 501 469 579 omnia-sunt
497 518 864 575 contenta.
984 499 1059 574 Si
1100 499 1341 573 multis

19 598 328 672 terminis
351 620 468 692 per
485 617 954 670 creaturarum
971 595 1155 668 bivia
1182 594 1343 665 sub-

21 692 260 764 stiterit
292 693 589 773 animus,
636 691 940 766 deviabit
969 689 1007 762 a
1032 689 1341 766 termino

23 787 165 860 fine
184 788 490 858 termino
506 784 1134 862 interminabiliter.
1232 783 1341 854 Fi-

24 905 152 952 nes
177 881 384 951 creati
414 880 1025 976 praedicamentalis
1053 879 1218 952 sunt
1245 900 1349 947 re-

22 975 505 1068 lationis‚quia
522 976 832 1051 multum
847 975 1346 1072 praedicantur,

24 1068 190 1139 licet
237 1067 370 1140 hos
402 1071 676 1142 tantsim
708 1071 829 1143 res
861 1072 1035 1144 icere
1077 1126 1098 1155 ,
1155 1064 1346 1139 infir·
1424 1079 1428 1083 ’

27 1187 226 1235 mum
241 1162 318 1233 fit
339 1161 686 1258 nimifimg
735 1164 810 1238 so
839 1189 917 1238 us
932 1165 1147 1237 DEus
1168 1185 1349 1235 crea-

19 1274 195 1328 turae
219 1257 307 1328 est
326 1260 664 1333 terminus
687 1257 1301 1331 transcendentalis
1322 1309 1350 1345 ‚

31 1352 200 1444 quia
231 1349 660 1424 transcendit
689 1353 962 1441 omnia,
992 1350 1352 1425 transcen-

29 1444 268 1520 dendo
315 1446 484 1518 verb
530 1447 772 1517 omnia
811 1443 1354 1539 comprehendit

27 1541 292 1612 omnia.
445 1537 601 1611 Ni'si
632 1540 929 1635 proinde
962 1541 1213 1611 limites
1248 1561 1351 1609 re-

26 1656 184 1706 rum
225 1631 648 1705 caducarum
680 1632 1128 1709 transcendas
1163 1689 1185 1723 ‚
1232 1655 1354 1728 pa-

32 1753 186 1801 cem
205 1727 276 1799 &
295 1728 603 1822 quietem
636 1728 711 1799 in
738 1728 978 1800 animo
998 1746 1128 1800 tuo
1151 1726 1357 1799 mini-

28 1823 144 1896 me
182 1821 558 1916 contigisti.
659 1822 936 1894 Totum
959 1845 1125 1918 ergo
1151 1820 1355 1915 quod

33 1918 156 1988 hic
183 1940 300 2010 per
315 1938 417 1987 res
435 1931 686 2011 creatas
704 1918 998 2012 agimus,
1016 1917 1358 2005 medium,

35 2036 120 2085 ac
138 2013 248 2084 via
261 2010 353 2082 est
369 2009 456 2080 ad
469 2027 888 2102 exoptatum
902 2010 1098 2082 illum
1119 2011 1359 2079 termi-

39 2129 244 2190 num,
272 2106 345 2176 &
366 2106 630 2177 tametfi
648 2105 1026 2178 honestum
1053 2103 1158 2192 fit,
1176 2119 1255 2172 ut
1273 2100 1354 2172 fi-

38 2223 164 2272 nes
191 2199 330 2303 tibi·
356 2197 662 2304 praefigas
690 2199 1171 2291 subalternosg
1217 2195 1358 2274 nisi

46 2313 285 2366 tamen
315 2314 390 2362 1n
411 2295 991 2368 1nterminabilem
1018 2316 1248 2363 rerum
1272 2314 1355 2361 o·
1453 2349 1482 2376 ,ς
1507 2332 1554 2374 ,ρ

43 2393 323 2461 mnium
344 2385 557 2458 finem
582 2389 652 2461 δε
668 2391 1044 2460 terminum
1061 2382 1355 2457 DEUM

49 2482 242 2555 relati
270 2480 422 2552 finis
451 2501 709 2556 exuant
743 2484 1094 2555 rationem
1108 2537 1131 2570 ,
1173 2479 1354 2554 ordo

0 2640 1 2645 ,
51 2576 168 2652 hic
187 2576 310 2660 erit,
324 2576 771 2663 inordinatus
791 2578 862 2654 &
876 2574 1360 2677 ptaeposteru52

1188 2687 1358 2762 quia
