1706 3037
372 156 1031 252 ”Mame-

31 279 463 354 'aestimantes
516 277 649 347 tuis
701 276 994 346 minime
1034 274 1360 348 credituri

54 376 218 447 sunt
254 370 679 465 suafionibus
707 428 729 454 ,
787 389 1001 466 atque
1041 371 1137 442 ita
1183 370 1361 444 vitio

52 467 181 543 su&
214 465 451 540 foveas
479 467 599 538 fibi
630 465 936 553 struent,
982 466 1056 533 in
1086 466 1211 538 has
1248 467 1365 536 de·

49 562 440 730 112101ve11di,
512 584 682 662 quas
723 561 1117 633 consulenti
1171 584 1367 662 para-

103 674 247 733 ant·

241 752 325 823 II.
407 754 520 824 De
557 751 895 846 proximo
928 808 949 840 ,
1019 750 1147 822 sub
1185 775 1368 845 quo-·

59 869 344 940 cunque
381 847 641 942 figulo,
690 846 945 921 finistre
990 848 1081 918 ne
1119 847 1370 940 loque-

53 965 146 1014 re.
251 943 479 1037 Qod
516 942 774 1012 etenim
816 959 896 1012 tu
935 943 1215 1014 reticere
1251 964 1373 1010 ne-

56 1037 226 1127 scis3
283 1038 663 1130 quomodo
698 1035 919 1131 speras
942 1037 1236 1108 alterum
1279 1051 1373 1105 ta·

59 1133 389 1206 citurum.
487 1131 786 1202 Parietes
811 1154 893 1200 ac
916 1131 1226 1224 elingues
1244 1151 1375 1218 pu-

57 1227 183 1297 tati
214 1226 471 1318 stipites
511 1247 669 1295 non
702 1223 861 1294 *raro
892 1223 1223 1317 loquaces
1272 1220 1372 1292 ef·

55 1319 415 1391 ficiuntur.
498 1316 1022 1413 Quantumque
1042 1341 1226 1412 aqua
1249 1317 1377 1394 cri-

63 1415 199 1486 bro
221 1469 244 1503 ‚
291 1410 577 1485 tantum
604 1414 856 1491 secreta
888 1414 1172 1484 homini
1211 1431 1383 1507 puta

57 1507 528 1593 infiaerescere.
657 1508 794 1579 Sed
827 1508 1011 1577 dices
1034 1562 1054 1594 ,
1090 1507 1252 1576 sunt
1281 1529 1383 1575 er-

59 1628 155 1701 ga
188 1627 300 1672 me
351 1599 788 1673 confidentes
814 1656 836 1688 ,
893 1623 1014 1670 cur
1049 1623 1201 1669 non
1240 1622 1382 1670 cre-

62 1697 289 1774 dam?
394 1693 508 1766 sed
557 1696 770 1765 audi!
853 1694 1027 1786 quid
1082 1693 1127 1761 fi
1174 1695 1387 1764 etiam

60 1814 231 1935 erg}
278 1788 507 1891 plures
553 1789 722 1865 alios
764 1787 975 1862 effent
1017 1787 1389 1863 confiden-

61 1905 165 1964 tes
199 1941 213 1956 .

259 1979 380 2057 III.
452 1977 771 2050 Alterum
818 1977 893 2051 in
941 1999 1017 2046 re
1063 1977 1390 2070 quapiam

69 2073 582 2147 informaturus
626 2073 702 2142 in
761 2069 830 2142 se
869 2072 1139 2163 praxim
1179 2074 1392 2142 faciat

64 2170 370 2245 Ethicus
413 2167 625 2258 hujus
663 2166 1038 2240 elucescere
1068 2222 1090 2253 ,
1144 2191 1269 2237 ceu
1301 2167 1395 2237 ci-

69 2264 251 2337 bum
293 2261 663 2338 stomacho
712 2263 1174 2338 committens
1215 2260 1398 2354 dige-

71 2357 375 2434 rendum
407 2355 550 2441 ipse
581 2353 769 2453 prius
799 2356 1154 2429 masticare
1184 2354 1269 2425 ne
1290 2356 1397 2422 in-

75 2454 464 2541 termittat,
501 2451 881 2532 necrudus
921 2450 1237 2528 videatur
1265 2449 1402 2519 bo-'

79 2548 181 2623 lus
222 2545 677 2624 condiscenti,

277 2642 399 2717 lv.
455 2641 557 2717 Ut
583 2640 823 2740 quiete
850 2640 1088 2730 vivat,
1118 2658 1274 2709 non
1295 2635 1399 2704 in-

683 2739 737 2812 B
793 2757 842 2827 4
1209 2733 1397 2824 quie-
