1706 3037
681 123 827 203 QS
875 113 910 207 (
959 126 1046 197 28
1099 129 1141 209 )
1186 120 1330 200 §o

323 227 534 303 cades
566 228 972 316 rejiciantur
993 283 1017 316 ‚
1081 229 1171 301 ne
1200 227 1384 301 forte
1413 228 1485 302 δε
1510 251 1643 304 nos

327 346 586 424 pavore
618 323 881 393 horum
916 323 1198 416 perculsi
1229 323 1471 420 fugam
1507 343 1643 417 prae

325 418 613 495 viaoria
635 417 1062 488 adamemus.
1112 477 1115 479 .
1208 419 1318 490 O!
1372 416 1648 513 praecla-

327 538 486 586 rum
512 509 671 583 sane
704 514 1071 607 strategum
1098 511 1113 582 !
1151 537 1231 585 ac
1255 516 1646 584 innataece-

329 608 614 684 leritatis
633 607 956 705 Ec‘typon
978 661 1000 695 ,
1037 623 1107 679 te
1137 610 1233 678 mi
1250 606 1495 682 Ursule
1531 608 1545 676 Ε
1594 603 1643 677 ὃ

332 703 627 777 stultum
692 701 1186 798 Sugillatorem
1232 757 1255 791 ‚
1334 714 1649 799 proprium

331 818 650 891 namque
703 799 1118 889 esistultz'tiae,
1172 803 1431 873 aliorum
1477 806 1649 865 vitia

327 920 573 964 eernere
588 945 608 974 ,
643 894 923 983 oblivisci
926 896 1189 977 sitorum
1205 946 1226 975 ,
1250 889 1484 980 ajebat
1504 887 1651 958 for-

327 988 402 1059 te
433 985 582 1055 Leo
607 1040 625 1068 ‚
669 984 942 1079 lepores
979 986 1206 1068 enim,
1245 983 1324 1054 ut
1350 980 1489 1078 ipse
1522 979 1652 1052 nc).

330 1082 423 1152 ris
442 1134 462 1166 ,
493 1080 741 1150 celeres
762 1077 959 1162 sunt,
990 1079 1384 1151 tabellarios
1413 1092 1650 1172 agent.

330 1172 523 1257 Afini
554 1173 948 1268 portabunt
988 1195 1244 1261 onera,
1301 1189 1381 1244 tu
1412 1175 1562 1243 vide
1594 1190 1657 1240 te

330 1274 527 1366 ipstcm
557 1322 581 1356 ‚
660 1284 939 1338 tuarum
982 1267 1158 1361 quid
1196 1267 1275 1337 fit
1317 1257 1656 1362 part‘ium,

333 1360 671 1457 expende.
770 1360 885 1433 Sic
905 1361 992 1432 fic
1016 1362 1110 1431 mi
1128 1361 1422 1432 Ethice!
1468 1380 1656 1453 quos

332 1457 450 1529 alii
502 1479 745 1530 naevos
800 1454 1293 1526 circumferant
1324 1509 1347 1543 ‚
1445 1471 1654 1525 tuum

387 1548 615 1620 enfare
661 1570 810 1620 non
857 1549 992 1638 est,
1068 1549 1203 1620 tibi
1267 1548 1353 1618 de
1383 1546 1658 1643 Superis

332 1572 480 1716 goe
513 1644 755 1714 datum
786 1642 878 1711 est
906 1641 1221 1714 officium
1242 1697 1260 1724 ‚
1308 1642 1434 1711 soli
1469 1659 1548 1712 ut
1578 1640 1659 1711 ti-

334 1737 411 1808 bi
445 1734 805 1832 impendas
847 1758 1081 1808 curam
1133 1734 1476 1806 noscendi
1516 1734 1658 1828 ani·

333 1853 532 1903 mum
568 1847 776 1900 tuum
817 1829 980 1901 teste
1007 1830 1330 1921 Juvenali
1363 1855 1378 1898 :

385 1928 625 1998 Credite
648 1978 667 2007 ‚
719 1926 797 1994 de
834 1931 973 1995 coelo
1016 1927 1329 2019 descendit
1374 1927 1614 2017 noscere

668 2022 994 2117 fimum>

535 2120 707 2186 Hinc
745 2118 893 2184 bene
923 2171 943 2197 ,
991 2116 1279 2211 quiſsse
1314 2122 1607 2196 noverit,

694 2214 793 2279 ille
820 2212 1008 2304 [ἄρα.

354 2374 362 2380 .
428 2299 696 2374 Lechas
734 2302 1050 2372 Poloniae
1086 2301 1235 2372 Rex
1295 2298 1384 2371 ab
1429 2315 1655 2370 aratro

340 2395 428 2465 ad
458 2418 761 2493 regnum
815 2394 1256 2484 sublimatuS,
1320 2394 1652 2465 amictum

340 2492 634 2576 ruralem
702 2491 879 2562 inter
919 2492 1169 2585 regales
1210 2489 1470 2562 locavit
1517 2502 1654 2555 tra-

343 2584 502 2657 beas
526 2640 548 2670 ,
581 2584 669 2660 ne
700 2586 888 2685 prior
921 2584 1161 2657 anim&
1193 2582 1651 2745 conditiougx-

1471 2695 1527 2743 cl
1583 2698 1650 2746 e-
