1706 3037
618 162 1304 254 ¹06<110>50

310 285 402 358 lia
412 280 721 365 Ethicus‚
738 281 783 350 fi
797 277 912 350 sua
931 278 1156 375 palum
1180 277 1462 351 cuilibet
1481 277 1616 352 ho-

283 379 590 451 ·minum
639 375 799 447 sorti
858 373 1251 445 exhibuerit
1305 375 1622 469 negotia,

313 470 767 547 diffiabuntur
825 469 972 558 ejus
1037 468 1309 539 intenta
1362 467 1623 539 omnia.

311 566 674 641 Cuniculis
705 563 1059 657 comparia
1085 561 1236 631 haec
1266 560 1391 633 effe
1420 583 1627 656 opor-

309 679 412 734 tet
445 658 893 730 subterraneis
918 711 940 745 ‚
961 656 1085 741 hi,
1107 653 1150 727 fi
1183 653 1453 726 filentio
1482 675 1626 749 pte·

311 772 600 825 mantus
641 753 924 826 occulti,
957 748 1242 846 grandia
1284 766 1623 821 enervant

308 847 618 920 hostium
661 845 1207 940 propugnacula.
1317 842 1441 912 Sin
1464 865 1627 937 pro-

360 938 660 1026 alentur,
689 940 763 1007 in
802 942 1074 1009 irritum
1101 936 1497 1029 cassumque
1530 938 1625 1007 la-

365 1055 445 1104 or
472 1031 564 1103 est
589 1033 850 1106 omnis.
949 1032 1053 1104 It‘a
1086 1031 1370 1103 confilia
1392 1030 1625 1102 Ethici

309 1127 356 1199 fi
375 1127 639 1197 lateant
663 1153 681 1214 3
734 1128 890 1220 quis
908 1126 1168 1198 horum
1192 1128 1497 1221 igneum,
1519 1148 1627 1195 ea-

309 1222 470 1291 dem
502 1219 797 1290 irritabit
833 1222 864 1291 ?
915 1221 1113 1312 quod
1145 1219 1190 1290 fi
1221 1218 1624 1314 pandantur

308 1315 481 1400 aliis,
512 1309 740 1396 fietid,
764 1313 964 1406 quod
981 1313 1183 1384 Plato
1209 1313 1463 1384 afferit:
1511 1320 1624 1382 Cui

283 1413 631 1502 secretum,
660 1408 855 1476 eidem
910 1408 1159 1478 libertas
1189 1417 1616 1476 committitur.
1689 1433 1706 1464 ·

306 1498 714 1571 Solitarium
744 1499 869 1570 effe
886 1499 1203 1593 pafferem
1220 1499 1505 1569 addecet
1522 1498 1619 1570 se·

307 1610 665 1664 cretorum
692 1592 1200 1680 administrum,
1222 1593 1341 1686 qui
1370 1592 1618 1663 nullibi

304 1683 655 1757 facundus
678 1737 700 1772 ,
733 1686 862 1756 nisi
890 1686 1014 1755 ubi
1035 1685 1215 1757 solus
1232 1741 1254 1774 ,
1274 1686 1395 1755 fibi
1421 1708 1617 1756 nam-

304 1805 445 1874 que
486 1775 606 1872 ipfi
672 1779 896 1850 melos
941 1781 1273 1850 aceordat
1332 1779 1617 1851 dulciffi-
1700 1792 1706 1799 ’

299 1895 520 1943 mum.
633 1872 781 1942 Sibi
808 1874 1056 1966 pariter
1084 1873 1411 1944 accordet
1440 1896 1614 1946 con-

297 1964 434 2036 filia
463 1963 575 2036 sua
597 1967 887 2040 Ethicus
907 2023 926 2055 ,
982 1983 1061 2035 ut
1091 1967 1186 2036 ibi
1217 1966 1614 2043 consonent

296 2058 695 2153 pulchrius,
742 2062 865 2132 ubi
899 2084 977 2132 ea
1010 2058 1309 2132 facunde
1342 2058 1440 2132 fas
1484 2067 1611 2134 erit
1704 2137 1706 2143 ,

299 2154 721 2247 depromere.
867 2156 1071 2225 Plura
1108 2153 1346 2225 audire
1384 2156 1610 2252 magis

295 2248 759 2342 juvat,3qu}1m
793 2249 988 2343 plura
1021 2249 1265 2342 loqui,
1303 2248 1463 2320 ideo
1488 2253 1605 2322 ite-

292 2362 451 2412 rum
482 2343 798 2413 Stobaeus
828 2344 1010 2413 citat.
1075 2366 1160 2414 ex
1197 2360 1432 2415 mente
1466 2345 1602 2417 De-

292 2435 663 2507 mosthenis
699 2461 714 2505 ε
797 2445 1054 2506 Natum
1103 2439 1400 2507 hominem
1440 2442 1602 2508 binis

288 2531 583 2619 instruxit
602 2532 857 2601 auribus
875 2586 893 2612 ,
923 2551 994 2599 at
1018 2535 1159 2600 verb
1191 2535 1403 2628 lingula*
1433 2536 1595 2600 dun-

283 2642 476 2692 taxat
499 2631 709 2697 unica.
763 2623 862 2695 Ut
875 2623 1072 2719 plura
1093 2623 1355 2714 audire,
1376 2625 1593 2789 quitrn

1509 2743 1589 2791 0-
