1706 3037
351 133 502 214 ⁴⁸6
548 130 582 211 (
630 147 720 216 29
771 128 805 214 )
856 123 1006 208 §o

37 233 333 327 cideret,
368 250 583 329 atque
616 238 725 307 his
760 257 1070 330 quorum
1103 236 1188 309 de
1208 234 1349 306 stir-

39 349 126 431 pe
155 330 377 402 fuerat
399 386 415 412 ,
455 348 688 426 gratus
724 349 803 402 ut
839 350 993 402 non
1020 331 1178 402 raro
1211 332 1353 404 exi--

37 428 254 498 steret.
332 425 758 521 Agathocles
776 425 1178 499 Siculorum
1195 429 1356 498 Mo-

33 519 292 592 narcha
329 522 630 593 testaceis
663 519 825 595 vasis
859 521 1223 610 utebatur,
1268 523 1359 592 ne

33 615 250 686 filium
284 614 349 687 se
375 614 568 712 figuli
591 614 782 687 fuiffe
812 615 1357 689 oblivisceretur.

29 710 230 783 Tales
274 732 526 806 nempe
569 710 727 783 sunt
784 709 1008 783 veluti
1038 710 1356 803 Trajano

30 806 118 876 de
152 804 489 903 fimguine
525 807 670 878 nati
689 806 962 878 Politici
992 863 1015 897 ‚
1049 807 1175 900 qui
1203 828 1359 878 non

29 898 342 972 fortunae
365 957 388 991 ‚
442 900 683 974 verflm
725 902 1009 977 virtutis
1057 901 1362 998 gestiunt

27 996 421 1067 nobilitate.

213 1091 352 1179 At,
401 1114 538 1183 qua
569 1092 843 1162 ratione
912 1090 990 1160 in
1026 1089 1127 1161 sui
1169 1089 1358 1161 noti-

23 1183 193 1255 tiam
219 1185 461 1257 veniat
487 1184 1113 1256 Ethico-Politicus
1145 1185 1174 1257 ?
1222 1186 1355 1256 uti·

26 1302 165 1373 que
203 1281 527 1373 exquiret
560 1280 588 1350 ?
671 1281 742 1351 δε
775 1275 1062 1352 fortasse
1098 1297 1360 1352 exteras

29 1373 264 1445 nescio
313 1397 483 1468 quas
524 1372 758 1470 plagas
786 1397 1140 1468 permeare
1183 1397 1361 1448 con-

27 1468 309 1552 tendet,
346 1486 425 1541 ut
459 1492 741 1539 morum
773 1469 1062 1539 suorum
1099 1470 1138 1538 ὲ
1161 1492 1355 1563 pere-

29 1564 248 1659 grinis
276 1562 685 1658 Regionum
725 1560 1362 1634 consuetudinibus

27 1655 684 1729 conformationem
707 1710 726 1744 ‚
753 1677 844 1727 an
867 1655 1364 1729 confusionem

28 1753 258 1825 dicam
281 1807 303 1841 ‚
325 1748 817 1822 nanciscatur?
873 1749 992 1822 sed
1018 1772 1173 1821 non
1198 1752 1361 1823 lon·

23 1871 139 1944 gas
167 1842 345 1943 opus
371 1848 515 1917 vias
544 1862 777 1940 petere
795 1900 816 1928 ,
861 1867 1015 1916 non
1038 1846 1359 1942 prodige-

23 1966 96 2013 re
119 1941 543 2036 patrimonia
564 1995 585 2027 ,
618 1961 772 2009 non
789 1936 1032 2012 frustra}
1064 1945 1237 2012 acin
1255 1942 1357 2012 sui

24 2058 176 2109 non
197 2035 350 2107 raro
383 2035 756 2131 perniciem
793 2033 1014 2131 longa
1037 2039 1262 2106 metiri
1283 2059 1353 2106 a·

23 2132 132 2204 via
167 2132 238 2202 &
261 2133 637 2225 regionum
656 2130 883 2215 invia,
926 2134 962 2204 ὲ
982 2130 1280 2226 quibu8,
1302 2131 1350 2201 ὃ

26 2228 303 2320 quoties
324 2227 595 2295 deviam
617 2229 949 2298 virtutem
983 2248 1136 2296 non
1158 2244 1349 2296 retu-

19 2321 104 2392 lit
123 2321 349 2390 Patria
365 2320 728 2409 Juventus.
831 2321 1008 2413 Non
1042 2343 1220 2414 opus
1252 2318 1347 2391 est

23 2412 438 2510 sumptuum
487 2413 879 2489 multorum
924 2413 1287 2509 impendio
1319 2469 1343 2500 ‚

23 2528 243 2605 prout
260 2508 378 2580 ille
400 2509 475 2580 in
492 2511 806 2581 animum
833 2510 1116 2580 induxit
1133 2506 1347 2579 nobi-

26 2607 107 2679 lis
138 2605 583 2679 Florentinus
605 2660 630 2698 ,
687 2606 861 2679 dum
908 2624 1116 2677 1000.
1149 2602 1347 2674 flore-

1213 2717 1350 2771 nos
