1706 3037
675 125 826 205 θὶς
875 116 913 207 <
963 137 1048 208 32
1098 124 1136 196 )
1178 117 1326 199 §e-

340 223 416 295 fis
431 227 768 317 Pffquantu
778 251 846 296 m
873 227 982 296 his
1003 224 1454 320 reprimendis
1476 247 1659 320 opus

336 317 415 389 fit
435 320 733 390 roboris?
752 321 850 390 fin
870 320 930 390 st
939 322 1093 414 gnis
1115 323 1189 391 in
1206 340 1275 392 te
1300 317 1659 414 dispicien-

336 413 434 483 do
486 411 721 499 fueris,
761 415 999 513 praelio
1026 416 1419 510 paffionum
1442 413 1661 487 victus

330 508 552 579 cades.

426 603 511 672 II.
564 601 863 678 Noverit
894 602 1054 677 suos
1097 603 1428 676 humores
1461 599 1659 672 Ethi-

333 720 491 780 cus,
525 697 570 766 fi
594 699 781 768 enim
806 700 964 787 irae,
1001 700 1497 793 impatientiae,
1535 719 1658 766 au-

332 790 584 880 daciae,
624 792 928 864 honoris
957 792 1331 864 ambitioni
1365 791 1428 862 se
1450 789 1660 862 novit

333 886 643 956 amicum
678 942 699 974 ‚
748 887 959 959 nimis
991 887 1225 980 aspere
1263 886 1386 956 fibi
1425 885 1662 956 domi-

331 997 625 1049 nantem
648 982 969 1052 ancillam
995 982 1160 1055 sciat
1184 980 1560 1053 choleram.
1639 1012 1642 1015 ·

428 1075 548 1143 111.
599 1074 667 1145 Si
693 1074 1096 1172 leporinum
1132 1099 1252 1147 cor
1281 1074 1526 1144 omnia
1553 1090 1658 1146 tu-

329 1185 402 1239 ta
438 1169 693 1240 timens
718 1225 737 1252 ,
803 1170 851 1239 fi
893 1188 1134 1242 venter
1181 1167 1659 1262 castrimargiae

331 1262 606 1334 deditus
627 1319 649 1352 ,
680 1263 725 1332 fi
750 1286 1003 1359 corpus
1026 1282 1267 1335 totum
1286 1262 1540 1359 plumis
1578 1282 1662 1333 ac

331 1356 625 1430 ronchis
646 1359 888 1454 gestiat
921 1357 1251 1442 deliciari,
1267 1355 1658 1455 phlegmati

335 1453 636 1524 sororius
690 1478 776 1523 es.
1643 1492 1645 1494 -

435 1545 558 1622 IV.
604 1544 676 1616 Si
692 1546 1150 1630 immoderate
1177 1566 1415 1618 amans
1430 1600 1452 1636 ‚
1472 1542 1662 1617 Mer-

339 1635 630 1712 curiove
647 1663 936 1736 compar
953 1643 1125 1716 vivo
1142 1699 1163 1726 ,
1188 1639 1506 1712 dissolute
1527 1661 1662 1710 un-

338 1735 550 1826 dique
569 1729 781 1822 salias,
818 1757 900 1805 ac
922 1759 1176 1830 corpus
1196 1733 1662 1808 immoderate

337 1828 581 1900 volare
601 1827 784 1920 pene
807 1828 977 1901 velis
994 1886 1015 1918 ,
1063 1828 1454 1902 curiositate
1476 1827 1661 1899 insu-

336 1945 456 2018 per
485 1944 566 1991 ac
587 1921 874 1995 levitate
895 1925 1162 1998 noteris
1179 1981 1199 2011 ,
1225 1921 1504 2020 sanguis
1528 1923 1659 1996 tibi

339 2019 430 2088 est
457 2016 735 2110 largior.

435 2111 522 2180 V.
574 2111 643 2181 Si
671 2112 978 2207 denique
996 2111 1383 2185 Heraclitus
1423 2111 1655 2184 conti-

339 2204 484 2278 nue
501 2204 699 2294 flens,
715 2232 795 2278 ac
817 2209 1119 2280 extreme
1139 2208 1436 2295 tristans,
1450 2224 1572 2278 aut
1592 2230 1654 2276 e-

338 2302 514 2371 tiam
553 2301 858 2374 extreme
907 2302 1194 2399 repente
1236 2301 1469 2374 ridens
1515 2299 1655 2371 De·

341 2395 708 2485 mocritus‚
735 2396 779 2466 fi
802 2398 1170 2491 absorptus
1186 2398 1545 2493 Diogenes
1561 2448 1580 2479 ‚
1604 2393 1655 2466 fi

333 2488 898 2582 'speculabundus
972 2491 1348 2565 Cleanthes
1413 2489 1650 2560 noctes

343 2582 691 2660 studendo
715 2604 984 2663 vertens
1002 2589 1076 2661 in
1098 2588 1265 2675 dies,
1280 2586 1326 2660 fi
1348 2583 1650 2687 denique

1578 2697 1656 2750 in
