1654 3027
589 112 1280 208 06(128)§e·

291 250 431 322 que
471 226 693 302 eidem
730 228 1119 301 volandum
1164 232 1590 336 praecociter,

282 344 519 418 neque
549 346 712 394 cum
731 324 1092 417 reptilibus
1112 324 1302 420 p1gre
1320 325 1590 421 serpen-

268 417 478 502 ,dum,
494 416 609 490 sed
625 416 817 489 tarde
835 417 1586 514 accelerandum‚pedi-

276 511 407 584 bus
423 513 760 585 eundum.
829 512 1093 607 Magna
1117 512 1272 585 licet
1295 513 1593 583 molian-

277 625 396 679 tur
419 606 760 703 praecocia
777 605 1083 701 ingenia,
1103 609 1219 678 vix
1235 624 1468 677 tamen
1493 605 1590 675 ef-

279 698 462 772 fectu
505 698 1004 773 consummant
1044 700 1368 772 absoluto
1394 727 1416 790 3
1469 715 1592 773 aut

278 794 326 867 fi
347 794 443 866 it&
463 796 862 890 contingat,
893 796 963 865 id
985 794 1198 890 magis
1217 792 1381 865 felix
1410 795 1500 866 est
1526 817 1596 864 e-

279 906 499 961 ventu
524 945 546 977 ,
616 891 832 982 quum
898 887 1191 960 consilio
1225 914 1247 976 3
1313 888 1486 982 quin
1520 888 1595 958 &

279 980 584 1068 summa,
609 1006 692 1053 ac
711 980 1010 1054 nimium
1034 982 1596 1076 velociaingenia

279 1074 563 1147 Senecae
589 1077 859 1167 judiciss
891 1079 1322 1169 mtxturhfi’rae}
1347 1106 1466 1147 non
1486 1101 1595 1146 ca-

276 1190 417 1241 rent
442 1175 749 1261 stultitiae.
853 1170 1132 1242 Scilicet
1179 1169 1323 1242 cito
1356 1166 1594 1239 adole-

279 1261 539 1336 scentia
568 1280 842 1334 aetatem
867 1265 1055 1334 haud
1076 1263 1335 1336 ferunt.
1436 1262 1592 1332 Una

281 1378 435 1427 nox
459 1355 790 1451 producit
812 1354 1075 1452 fungos
1111 1359 1202 1428 ad
1231 1356 1600 1427 maturita-

278 1468 448 1533 tem,
469 1448 584 1519 sed
602 1471 746 1520 una
759 1449 881 1519 lux
899 1451 1177 1522 eosdem
1197 1450 1480 1522 deducit
1503 1446 1595 1519 ad

281 1541 633 1616 occasum.
783 1544 1111 1636 Qercus
1153 1542 1414 1616 saeculis
1459 1565 1597 1614 cre-

274 1638 522 1727 scunt,
557 1653 638 1708 ut
659 1636 1234 1725 saeculisdurent,
1266 1639 1596 1708 audeant-

277 1757 420 1829 que
453 1732 660 1803 etiam
682 1728 1066 1801 fulminum
1098 1731 1303 1802 minis
1338 1752 1421 1802 ex
1439 1750 1599 1825 por-

273 1828 462 1899 recto
489 1821 760 1896 tametsi
786 1823 921 1895 alte
953 1826 1209 1897 vertice
1246 1823 1529 1895 illudere
1563 1848 1592 1911 3

274 1919 576 2015 Elephas
595 1917 943 1991 decennio
960 1919 1278 2016 parturit,
1294 1917 1405 1990 sed
1422 1939 1591 2011 prae·

276 2011 613 2110 grandem
631 2023 907 2107 partum
927 2069 953 2101 ,
982 2013 1155 2084 dum
1187 2010 1329 2084 cito
1361 2028 1593 2106 partu-

276 2113 472 2180 riunt
487 2104 629 2195 alii,
643 2106 882 2199 prodit
899 2111 1198 2176 ridiculus
1211 2134 1363 2177 mus.
1468 2104 1593 2176 Sat

277 2202 423 2274 cito
454 2199 753 2297 proinde
771 2204 1073 2293 aguntur
1096 2192 1405 2295 negotia,
1428 2197 1474 2267 fi
1493 2196 1594 2269 sat

274 2297 475 2368 bene.
606 2291 679 2365 Si
704 2293 893 2365 tarde
920 2293 1284 2376 accelereS,
1318 2314 1591 2362 moram

278 2390 552 2462 meliori
573 2387 769 2458 simul
839 2389 1129 2459 ermittis
1147 2386 1436 2460 confilio
1458 2439 1481 2473 ‚
1507 2401 1587 2454 ut

277 2483 545 2578 regredi
561 2479 761 2577 poffis
806 2480 998 2570 acile,
1015 2482 1061 2552 fi
1077 2479 1265 2552 lente
1279 2502 1408 2576 pro
1413 2475 1584 2573 grec

279 2577 386 2650 sus
405 2601 469 2649 es
489 2603 510 2666 3
553 2598 719 2648 nam
737 2576 1022 2671 incepto
1041 2577 1249 2647 etiam
1271 2582 1470 2675 cursu
1488 2571 1587 2639 sa-

1384 2686 1585 2761 pien-
