1706 3037
319 146 556 260 ῦς(
601 155 702 249 67
752 156 785 246 >
836 151 1005 238 ἐϋ

4 274 201 348 Vivat
216 257 514 363 joviales
535 294 692 342 com
704 269 1101 368 precabitur
1122 252 1336 342 nimis

11 365 768 450 humanus‘P‘oliticu‘S,
816 359 957 436 Die
984 372 1238 434 Veneris
1271 364 1364 444 se,
1429 372 1454 384 ⁶
1547 371 1549 373 ’

14 462 196 532 bene
225 459 476 537 ,venisse
511 461 600 529 ad
625 460 716 530 ad
736 458 1069 534 vovenda
1097 461 1341 529 omnia

11 551 297 643 Blanda,
324 553 582 643 suavia,
604 553 925 626 deliciosa
946 553 1343 641 occlamat3

0 668 142 721 'nec
161 651 434 721 Sabbata*
455 651 757 743 quietem
783 647 977 723 favet
996 666 1016 738 3
1048 667 1200 721 tota
1220 649 1338 718 de-

6 746 224 838 nique
282 742 741 816 hebdomade
807 745 1100 814 titulum
1177 764 1337 813 non

2 839 211 936 pauci
242 839 747 910 nanciscuntur
766 837 1215 922 urbanitatis,
1250 858 1339 908 ac

3 931 405 1004 officiorum
428 933 886 1005 humanitatis
907 958 988 1004 ex
998 957 1205 1028 prom
1216 954 1338 1001 en-

4 1028 266 1098 dorum
322 1028 512 1098 haud
562 1029 813 1099 urbani
859 1029 1271 1099 Blaterones
1313 1050 1338 1114 3

3 1126 389 1195 continuas'
434 1122 856 1195 celebrantes
878 1123 1298 1194 Dominicas
1321 1145 1338 1188 ε

11 1219 277 1288 Cantate
294 1225 557 1290 Domino
573 1244 602 1301 ;
636 1219 814 1311 quin
838 1216 909 1287 δε·
929 1239 1158 1287 annos
1181 1211 1368 1286 bre-²

6 1329 127 1386 ves
143 1327 465 1406 reputant
483 1367 507 1402 ‚
542 1335 690 1406 quo
714 1313 1084 1382 continuae
1108 1310 1177 1378 in
1190 1332 1340 1381 cur-

5 1406 187 1482 fioni
234 1428 318 1476 ac
351 1404 821 1479 honorationi
846 1406 1350 1477 Mecoenatum

7 1517 288 1593 tempus
316 1499 525 1572 breve
565 1515 985 1594 queruntur.
1057 1500 1149 1568 Et
1176 1496 1349 1569 inde

10 1594 273 1683 evenit,
306 1610 386 1664 ut
407 1593 783 1681 fiNataleS,
818 1591 864 1662 fi
890 1592 1015 1662 lux
1044 1613 1352 1664 onoma·-

10 1689 178 1761 stica
201 1744 224 1778 ,
255 1687 301 1758 fi
319 1685 653 1759 festorum
679 1686 1166 1760 revolutiones
1193 1686 1351 1756 illu-

9 1783 332 1871 cescant,
371 1803 527 1853 non
549 1783 691 1873 jam
721 1781 979 1851 fincera
1000 1797 1353 1855 votorum

9 1879 523 1973 depromantur
544 1874 1151 1970 homagia,verum
1174 1875 1350 1970 pha-

7 1973 164 2046 leris
189 1971 573 2044 verborum
608 1989 876 2041 ornatae
908 1971 1349 2066 periodi,ceu

17 2067 283 2161 jugales
327 2066 621 2161 plaustra
657 2065 1018 2138 advehant
1052 2065 1353 2136 laudum

14 2186 97 2232 ac
130 2162 531 2245 titulorum,
567 2156 724 2230 cum
757 2176 931 2232 totae
961 2160 1353 2231 decurrun-

15 2272 134 2327 tur
155 2255 547 2351 panegyres
570 2280 591 2343 3
633 2255 816 2326 certe
832 2277 985 2325 non
1006 2252 1170 2351 pers
1164 2275 1357 2339 onae,

18 2352 136 2422 cui
167 2349 323 2422 haec
364 2350 842 2422 acclamantur
892 2365 1356 2437 ornamenta,

19 2444 140 2516 sed
158 2462 538 2515 tormenta.
637 2444 1108 2538 Praeterquam
1147 2440 1355 2537 quod

21 2540 95 2611 8(
119 2539 455 2628 candore,
471 2562 551 2612 ac
566 2541 816 2611 amoris
834 2541 1000 2634 igne
1018 2560 1234 2611 vacua
1253 2534 1354 2608 es-

20 2633 88 2709 se
103 2652 494 2735 reputetur,
520 2657 680 2732 quae
703 2634 993 2712 laudum
1020 2632 1350 2731 congerie

1238 2747 1351 2802 CX·
