1706 3037
394 104 1053 201 mmmm

67 224 348 297 bantur.
409 223 593 294 *Sola
620 246 787 319 ergo
804 221 1041 294 Ethici
1066 223 1391 298 mansue·

69 320 249 392 tudo
280 319 643 402 continua,
683 316 927 414 procul
958 314 1236 413 semper
1256 320 1394 393 bile

70 437 150 484 ac
184 411 541 483 iracundia
576 411 958 507 temperata
1000 416 1332 487 exulante
1368 468 1396 505 ,

69 531 222 579 non
246 508 504 594 virtus,
544 506 659 577 sed
692 507 945 580 vitium
983 509 1257 580 virtutis
1295 511 1401 580 in-

69 603 317 672 dutum
340 600 707 695 personam
746 618 1038 695 reputa3
1092 604 1191 674 ira
1217 626 1391 697 qua-

68 699 227 769 dam
248 695 375 766 tibi
396 719 574 791 opus
595 696 874 790 est,quia
896 718 1049 768 non
1071 697 1232 768 raro
1255 696 1399 770 for-

65 789 409 875 titudine,
443 791 638 882 cujus
669 793 771 861 ira
810 813 969 880 c08‚
1006 817 1088 863 ac
1125 793 1403 865 timoris

63 889 469 957 excutiendi
501 888 668 958 dote
696 941 717 974 ‚
767 907 948 980 opus
984 887 1077 958 est
1106 887 1401 976 Ethico,

65 1003 149 1052 cu
155 980 265 1072 jus
299 977 651 1069 stimulus,
691 980 1053 1051 iracundia
1087 981 1180 1052 est
1221 1001 1400 1054 tern-

64 1093 319 1172 perata.
418 1074 667 1147 Unum
710 1091 951 1146 tamen
983 1077 1177 1147 alteri
1222 1099 1398 1172 prae-

65 1171 192 1242 stet
229 1188 863 1264 temperamentum
898 1224 919 1258 ,
966 1192 1048 1240 ex
1096 1193 1248 1263 quo
1276 1171 1395 1241 de-

67 1266 264 1338 mum
306 1264 597 1360 politica
669 1264 743 1335 δε
792 1286 957 1336 vera
1015 1263 1398 1360 consurgat

62 1358 553 1433 mansuetudo.
738 1356 1064 1429 Pollebat
1122 1360 1396 1433 Tullius

61 1452 594 1528 mansuetudine
628 1453 905 1540 eximia,
956 1451 1073 1523 sed
1107 1453 1242 1525 nisi
1268 1457 1399 1525 ira-

65 1550 323 1624 cundia
350 1573 502 1618 eam
527 1545 970 1634 condivisset,
993 1571 1122 1618 nec
1143 1549 1394 1620 inVer-

62 1670 165 1718 res
182 1667 313 1714 nec
335 1644 411 1712 in
430 1641 800 1712 Catilinam
830 1641 1269 1714 damnandos
1287 1646 1396 1715 in-

65 1741 228 1814 vehi
255 1737 603 1835 potuisset.
712 1735 1129 1805 Admirabssi
1160 1737 1394 1810 Philo-

65 1834 327 1928 sophus
343 1833 595 1904 enituit
622 1830 976 1913 comitate,
1000 1830 1112 1902 sed
1134 1833 1270 1904 nisi
1294 1832 1397 1904 ira

68 1931 368 2003 mixtam
399 1924 808 2013 adamasset,
842 1942 984 1995 tam
1024 1928 1273 2000 acriter
1317 1927 1393 2000 &

70 2049 199 2122 pro
230 2024 325 2095 rei
358 2022 710 2117 exigentia
734 2019 997 2092 fervide
1026 2023 1099 2092 in
1125 2024 1395 2118 peripa-

70 2141 149 2192 to
171 2139 324 2189 non
343 2115 759 2188 decertasset.
860 2116 1102 2210 AEqua
1121 2140 1288 2211 ergo
1315 2139 1397 2187 ac

71 2236 193 2311 par
227 2211 373 2283 fere
407 2231 779 2305 utramque
804 2212 983 2282 inter
1008 2210 1393 2308 pastionem

75 2308 165 2380 est
198 2304 529 2378 habenda
560 2305 1050 2402 attemperatio
1084 2362 1104 2395 ‚
1155 2323 1236 2375 ut
1264 2328 1396 2376 ceu

75 2401 356 2475 stimulo
392 2401 481 2472 ab
506 2402 860 2473 iracundia
886 2402 1143 2491 injecto
1180 2400 1404 2470 comi-

78 2517 183 2571 tas
204 2495 440 2569 induit
461 2497 1004 2582 animositatem,
1025 2496 1118 2566 ita
1149 2495 1223 2567 δε
1240 2491 1409 2565 froe-

78 2593 180 2667 no
210 2595 250 2667 a
275 2592 819 2759 mansuetudirie
842 2591 1098 2683 injeeto
1119 2603 1414 2688 oportet

857 2710 899 2760 2
1295 2705 1418 2755 co-
