1706 3037
657 154 1297 244 Qsscssowio

319 283 457 334 rent
484 274 632 346 iter,
668 269 1128 357 autpraest'dium
1152 274 1271 338 loco
1292 272 1619 354 dejiciant.

319 367 518 428 Nemo
535 387 769 440 eorum,
801 371 906 455 qui
934 388 1160 435 exeunt
1180 417 1200 449 ,
1223 366 1374 430 dicu
1405 386 1418 429 ε
1456 366 1626 432 Mal&

317 455 396 520 de
421 481 514 520 rae
530 459 850 547 Imperator
883 466 1140 523 meruit:
1158 459 1625 546 sedbenejudi·

319 558 520 617 cavit.
620 547 1005 618 Fortiorem
1039 547 1132 618 ita
1170 549 1326 619 &te
1356 549 1629 641 dignio-

322 636 617 733 remque
655 641 871 710 animi
917 641 1314 713 excellentia
1359 659 1630 735 reputat

321 735 643 818 Numen,
681 735 723 804 fi
767 735 1053 807 adverfis
1089 755 1392 831 premat,
1427 732 1631 806 dsim-

321 851 459 920 que
503 830 786 922 ignavas
816 848 1081 900 mentes
1106 831 1439 906 mollibus
1476 831 1630 899 finit
1664 838 1667 839 ’

321 919 700 1016 tepescere,
767 921 1072 997 infelices
1113 924 1349 996 sensim
1383 942 1627 994 natura

319 1014 525 1088 sentit
553 1018 954 1111 putrescere.
1057 1019 1312 1112 Neque
1340 1018 1473 1087 hos
1498 1039 1628 1085 un·

324 1133 545 1202 quam
588 1112 944 1206 prosperos
992 1131 1282 1186 eventus
1322 1107 1626 1182 habuisse

321 1204 515 1274 orbis
543 1224 971 1300 agnoverat,
1024 1232 1204 1300 quos
1239 1204 1626 1277 domesticis

319 1300 679 1369 contectos
701 1300 881 1374 nidis
903 1356 919 1383 ,
940 1299 1429 1395 {aginatbsque
1462 1295 1629 1367 affa-

315 1392 719 1485 timfibiipfi
742 1395 938 1466 oneri
964 1394 1199 1487 potius
1223 1393 1348 1464 effe
1375 1415 1629 1487 appro-

314 1487 534 1557 bavit.
635 1486 1048 1581 Prosperitas
1080 1489 1318 1579 itaque
1365 1492 1632 1555 iumma

314 1580 407 1652 est
441 1580 730 1652 adverfis
767 1583 1028 1670 vexari,
1056 1583 1387 1674 premitur
1418 1581 1632 1662 enim,

317 1697 477 1746 non
494 1675 938 1767 opprimitur,
958 1675 1143 1747 mille
1161 1677 1370 1746 icitur
1393 1673 1629 1746 vulne-

313 1769 544 1849 ribus,
590 1788 741 1837 non
771 1770 1093 1840 vincitur.
1194 1769 1625 1840 percutitur!

312 1883 467 1932 non
508 1885 588 1931 ex
609 1862 825 1931 animi
859 1863 1342 1958 magnitudine
1370 1862 1631 1933 excuti·

311 1974 470 2042 tur3
534 1958 1031 2050 impugnatur!
1088 1979 1241 2028 non
1275 1979 1631 2051 expugna·
1699 1965 1706 1980 ¹

314 2051 559 2121 turvir
581 2047 804 2120 fortis·
906 2057 1186 2122 Annon
1215 2053 1420 2147 igitur
1457 2051 1630 2120 huic

315 2142 635 2240 prospera
656 2143 1014 2214 adversitas
1035 2201 1056 2233 ‚
1094 2170 1250 2238 quae
1285 2145 1460 2238 pene
1480 2145 1623 2239 dig-

314 2263 493 2308 num
529 2238 736 2309 DEO
787 2238 951 2308 facit
989 2239 1500 2334 spectaculum?
1550 2241 1628 2311 ut

320 2334 656 2405 acclamat
680 2333 863 2404 idem
884 2333 1179 2405 Seneca:

308 2529 460 2592 Ecce
485 2526 910 2618 speblaculum
957 2526 1210 2621 dignum
1239 2578 1259 2606 ,
1327 2522 1419 2591 ad
1457 2523 1627 2616 quod

310 2619 595 2714 respiciat
643 2625 789 2687 DE
817 2627 872 2688 LI
886 2624 945 2686 S.
1048 2661 1077 2674 -
1170 2660 1202 2675 -
1248 2626 1393 2688 Non
1413 2616 1625 2776 vidend,

1458 2735 1568 2805 qul
1667 2736 1674 2741 “
